3048 4850
307 276 348 340 82

263 460 379 525 labella
403 439 626 541 persequendo
642 461 682 524 ad
703 461 788 525 1111111
811 465 962 544 pecuniae
983 465 1197 544 quaestionem
1221 463 1387 526 derivasse

263 563 397 627 videtur.
434 562 483 626 De
504 563 637 644 pecunia
658 570 764 628 autem
785 565 918 632 Brutum
942 566 982 630 ad
1003 565 1037 628 id
1058 564 1382 634 senatusconsultum

263 663 363 741 reicit,
385 663 470 743 quod
491 663 524 728 in
546 663 707 728 Ciceronis
729 667 916 732 sententiam
938 668 971 732 in
992 666 1073 730 Phil.
1096 667 1125 730 X
1148 666 1239 730 nobis
1254 670 1382 730 exstan-

264 777 328 830 tem
350 765 467 829 iactum
491 772 566 845 erat,
590 785 682 846 quam
706 769 880 834 orationem
895 770 994 850 ipsam
1011 771 1110 833 Bruto
1127 769 1264 832 miserat.
1298 768 1382 834 Sunt

265 868 348 933 enim
369 867 402 932 in
423 868 479 932 illa
500 869 642 933 oratione
664 869 697 952 (§
719 871 774 948 26)
798 871 889 937 haec:
906 871 1149 953 „pecuniamque
1164 871 1205 934 ad
1218 887 1285 936 rem
1301 869 1383 932 mili-

264 975 375 1048 tarem,
399 970 426 1034 si
448 989 510 1052 qua
532 989 610 1052 opus
633 971 684 1050 sit,
708 990 789 1051 quae
810 972 937 1054 publica
957 975 998 1038 sit
1020 978 1052 1038 et
1075 973 1157 1052 exigi
1177 972 1287 1054 possit,
1310 976 1384 1036 uta·

265 1078 316 1137 tar
348 1072 493 1156 (Brutus)
527 1074 631 1154 exigat
662 1076 872 1156 pecuniasque
894 1095 913 1140 a
936 1076 1048 1155 quibus
1074 1075 1219 1141 videatur
1246 1073 1287 1138 ad
1314 1090 1382 1138 rem

265 1175 432 1241 militarem
457 1181 580 1240 mutuas
602 1178 732 1242 sumat“.
766 1178 880 1242 Iisdem
904 1178 969 1242 fere
990 1177 1095 1244 verbis
1117 1177 1158 1240 ad
1180 1174 1382 1242 Cornificium

265 1278 304 1344 de
337 1277 469 1360 pecunia
502 1253 715 1344 consulentem
748 1279 856 1346 Cicero
888 1281 997 1344 eodem
1020 1280 1086 1344 iere
1107 1285 1250 1361 tempore
1272 1277 1384 1344 scribit
1509 1293 1510 1296 ’

267 1381 321 1464 (ad
348 1380 421 1445 fam.
449 1379 510 1444 XII
532 1381 582 1460 28,
606 1382 655 1462 2);
680 1383 755 1462 ,tibi
777 1387 882 1446 autem
906 1400 944 1446 ex
965 1387 1094 1448 senatus
1117 1381 1259 1446 consulto
1282 1381 1382 1462 impe·

265 1484 397 1548 rand-um
422 1488 603 1548 mutuumve
625 1485 811 1549 sumendum
835 1484 974 1550 censeo.“

367 1585 416 1649 De
441 1585 480 1648 iis
507 1602 587 1664 quae
615 1584 723 1650 Cicero
752 1586 897 1667 deinceps
925 1587 964 1650 de
991 1587 1210 1667 supplemento
1232 1603 1251 1650 1
1278 1586 1378 1650 Bruto

266 1687 444 1752 desiderato
470 1687 614 1751 rescribit
642 1688 674 1752 in
696 1687 788 1752 huius
811 1689 945 1768 epistola
966 1688 1133 1752 tractanda
1154 1688 1216 1750 iam
1240 1686 1379 1767 disputa-

266 1791 375 1854 vimus.
420 1789 512 1868 Quod
544 1794 648 1852 autem
682 1790 815 1854 Pansam
833 1789 856 1873 ¹)
889 1790 969 1855 nihil
995 1790 1024 1854 ei
1052 1789 1211 1870 copiarum
1242 1789 1378 1852 tribuere

266 1893 345 1956 velle
378 1891 497 1970 scribit,
518 1910 581 1955 non
613 1896 660 1956 est
682 1893 766 1972 quod
788 1894 945 1972 miremur,
970 1911 1039 1957 cum
1063 1896 1259 1972 quantopere
1281 1889 1375 1954 Cassii

266 2012 390 2076 quoque
413 1994 524 2076 opibus
546 1995 698 2074 augendis
721 1995 880 2062 obstiterit
901 1996 1045 2060 sciamus
1079 1995 1183 2075 Atque
1204 1992 1265 2056 hoe
1279 1993 1377 2072 ipsum

265 2097 298 2160 in
320 2097 424 2162 animo
445 2095 570 2161 videtur
591 2097 748 2176 habuisse,
772 2116 841 2164 cum
865 2099 910 2163 sic
931 2097 1055 2162 scribit:
1079 2095 1254 2177 ,quomodo
1277 2099 1380 2158 autem

267 2199 358 2262 multi
390 2199 588 2279 suspicantur
620 2199 706 2280 quod
736 2218 782 2264 111
810 2205 848 2266 11
876 2199 1023 2281 quidem
1053 2198 1145 2265 nimis
1167 2195 1291 2262 firmum
1314 2213 1382 2261 esse

266 2300 368 2364 velit“.
412 2300 492 2364 Nam
526 2299 610 2380 quod
644 2301 745 2364 addit:
775 2302 876 2384 ,quod
903 2318 961 2382 ego
983 2318 1047 2364 uon
1070 2298 1238 2379 suspicor‘,
1260 2299 1383 2378 insigne

268 2409 316 2466 est
343 2401 488 2484 εἰρωνείας
515 2402 598 2466 illius
631 2404 815 2484 exemplum,
850 2421 912 2485 qua
945 2401 1075 2466 cavendi
1098 2383 1192 2464 causa
1213 2401 1246 2464 in
1267 2401 1384 2480 episto·

267 2506 306 2582 lis
339 2505 519 2584 saepissime
550 2504 659 2581 utitur,
692 2505 838 2572 velutin
866 2505 998 2585 epistola
1024 2503 1065 2566 ad
1093 2504 1232 2570 Atticum
1255 2503 1332 2568 data
1353 2503 1386 2586 (I

271 2609 319 2683 16,
349 2608 418 2690 12):
452 2607 577 2686 ,consul
611 2611 714 2670 autem
741 2607 796 2671 ille
823 2607 988 2673 deterioris
1017 2607 1179 2672 histrionis
1201 2606 1311 2672 similis
1333 2625 1385 2670 su·

268 2709 403 2790 scepisse
435 2709 592 2788 negotium
629 2708 743 2774 dicitur
776 2715 808 2774 et
840 2709 924 2774 domi
952 2709 1104 2774 divisores
1134 2708 1262 2786 habere,
1285 2709 1386 2788 quod
1512 2723 1513 2772 1

270 2828 335 2891 ego
358 2829 434 2874 non
457 2810 636 2890 11111111).

371 2913 388 2996 ξ
410 2915 439 2980 b.
473 2913 615 2980 Ciceroni
636 2916 675 2980 de
696 2913 826 2983 Pansae·
841 2915 945 2982 animo
960 2914 1059 2980 Bruto
1075 2914 1182 2978 invido
1198 2926 1278 2994 quae
1294 2913 1386 2979 multi

270 3017 502 3098 suspicarentur
537 3017 679 3082 narranti
716 3017 863 3080 nimirum
895 3017 929 3080 in
961 3022 1098 3080 mentem
1130 3016 1216 3080 veuit
1248 3015 1383 3080 Brutum

269 3119 370 3200 ipsum
394 3119 440 3202 (11
464 3121 493 3198 3,
517 3119 552 3202 3)
575 3119 1387 3200 111111111111111111111111111111111111111

270 3222 370 3288 Cassii
403 3227 518 3303 gestas,
535 3221 656 3312 :quoad
690 3222 834 3287 Ciceroni
866 3221 1033 3300 videretur,
1061 3221 1212 3285 occultari
1237 3222 1385 3290 voluisse.

269 3325 381 3405 ltaque
413 3325 454 3388 ad
487 3342 524 3390 ea
557 3325 681 3412 transit,
715 3340 795 3405 quae
827 3325 880 3390 1111
913 3323 954 3388 ad
980 3340 1118 3388 sororem
1142 3329 1174 3388 et
1195 3327 1326 3388 matrem
1350 3341 1384 3386 se

270 3427 429 3510 scripsisse
460 3426 591 3492 dixerat.
635 3427 722 3492 Haec
744 3432 847 3492 autem
872 3444 952 3508 quae
972 3426 1126 3504 rescribit,
1150 3444 1220 3490 cum
1242 3425 1281 3490 iis
1303 3441 1383 3506 quae

269 3530 320 3593 vel
341 3547 390 3609 ep.
412 3528 444 3592 ΙΙ
466 3530 495 3607 2,
518 3531 538 3593 3
560 3529 636 3610 ipse,
659 3529 709 3596 vel
731 3548 780 3612 cp.
802 3529 835 3593 11
857 3531 886 3608 3,
910 3529 1059 3596 3Brutus
1076 3529 1244 3609 scripserat
1254 3526 1383 3608 Meyero

270 3631 338 3696 visa
370 3631 434 3696 siut
454 3649 630 3712 repugnare
643 3631 679 3712 ³),
701 3631 853 3696 hocloco
874 3631 983 3712 paucis
1005 3638 1078 3696 sunt
1100 3629 1294 3712 explicanda.

374 3803 395 3867 ¹)
414 3797 461 3853 Cir
479 3798 513 3853 de
531 3799 622 3853 Pansa
639 3805 705 3854 tunc
722 3800 810 3854 Roma
828 3797 942 3855 absente
961 3813 1030 3867 quae
1048 3799 1078 3852 in
1090 3797 1264 3852 Tunstallnm
1276 3798 1385 3853 monuit

271 3884 446 3939 Hermannus
463 3884 520 3938 Zur
537 3882 644 3938 Rechts.
663 3884 691 3938 Π
708 3901 733 3954 p.
752 3885 787 3940 30
803 3899 844 3953 aq.

373 3972 395 4038 ²)
413 3968 460 4023 Cir
487 3969 521 4022 de
548 3968 600 4023 hee
626 3985 656 4025 re
683 3970 854 4039 praeclaram
873 3969 1024 4024 Hermauni
1048 3967 1262 4038 disputationem
1280 3970 1297 4022 1.
1317 3986 1339 4024 1.
1357 3984 1384 4038 p.

272 4056 288 4110 6
306 4071 363 4126 sqq.

373 4142 397 4209 ³)
415 4140 432 4193 1.
452 4141 570 4212 11120
588 4147 626 4213 sq.
646 4141 749 4197 11173.
773 4139 775 4146 '
803 4223 806 4230 ,
