3048 4850
1022 278 1236 342 ·105·

176 451 181 484 ³
219 463 281 531 Sed
311 469 348 528 ut
379 465 419 529 ad
450 465 620 529 Antonium
652 470 853 546 revertamur,
885 467 978 550 paulo
1009 470 1081 548 post
1114 465 1222 530 Cicero

116 565 285 652 „postridie
317 566 356 630 de
387 566 572 648 proconsule
597 565 734 630 Antonio
761 567 875 631 multa“
903 585 937 630 se
963 565 1077 631 dixisse
1104 566 1222 631 scribit.

117 668 208 748 Quod
230 667 392 747 adipsum
414 668 607 750 proconsulis
629 685 741 732 nomen
762 669 825 732 iam
846 667 966 750 pridem
989 667 1017 731 ei
1039 667 1223 748 abrogatum

117 769 173 833 sed
193 769 389 851 impudenter
412 769 450 832 ab
472 769 540 852 ipso
562 775 745 850 usurpatum
768 775 908 850 spectare
937 770 985 832 cui
1006 770 1132 832 tandem
1153 788 1224 850 per-

117 871 286 936 suadetur?
303 871 326 954 1)
357 871 466 952 Neque
488 871 639 950 Ciceroni,
663 872 781 953 opinor,
803 872 837 934 in
858 875 981 936 renota
997 871 1225 951 etpervulgata

116 973 248 1037 multum
271 987 337 1037 esse
360 990 437 1054 opus
459 979 535 1052 erat,
565 978 596 1036 et
618 988 655 1036 en
677 991 714 1038 eo
737 974 821 1055 quod
848 991 959 1037 causae
981 971 1040 1036 sibi
1061 969 1156 1036 fuisse
1177 973 1225 1036 in-

117 1075 211 1153 dicat,
228 1093 324 1156 quare
334 1078 460 1155 postero
472 1073 522 1137 die
534 1074 574 1137 ad
590 1090 656 1138 rem
670 1079 891 1138 reverteretur:
911 1092 997 1155 ,cum
1011 1081 1112 1137 sermo
1127 1074 1226 1137 incre-

116 1177 254 1241 bruisset
280 1175 429 1259 Pilnsque
458 1175 564 1241 oculos
590 1176 803 1240 vehementius
829 1176 988 1239 hominum
1016 1173 1224 1254 offendisset“,

118 1280 195 1344 satis
217 1284 347 1362 apparet
369 1278 407 1341 de
430 1294 524 1341 causa
545 1277 673 1343 Antonii
694 1278 807 1341 litteris
830 1277 931 1341 allatis
948 1280 1018 1340 orta
1033 1280 1064 1340 et
1079 1276 1118 1339 de
1133 1276 1226 1339 huius

119 1383 245 1446 omnino
258 1381 290 1444 in
301 1399 335 1444 re
346 1378 472 1461 publica
490 1379 670 1442 condicione
687 1397 757 1442 eum
772 1379 880 1459 egisse.
908 1379 976 1456 Qua
994 1377 1033 1440 de
1045 1377 1227 1442 condicione

118 1501 180 1566 quo
204 1481 312 1546 Cicero
334 1480 428 1544 fuerit
449 1481 564 1544 iudicio
586 1497 658 1543 mon
673 1479 887 1544 demonstrare
903 1479 1093 1544 conabimur.
1136 1479 1228 1558 Quod

119 1588 224 1648 autem
246 1581 500 1672 proconsulatum
522 1581 649 1644 Antonii
670 1581 775 1658 iactat,
804 1581 881 1645 nihil
908 1581 993 1644 aliud
1015 1581 1089 1662 agit,
1111 1582 1171 1645 nisi
1192 1585 1228 1645 ut

117 1687 247 1752 nimiam
273 1685 364 1748 Bruti
389 1685 421 1746 in
448 1683 536 1747 illum
568 1682 794 1762 indulgentiam
827 1689 935 1764 carpat
946 1681 984 1768 ι1).
1027 1683 1075 1746 Ne
1109 1683 1228 1748 Sestius

120 1787 245 1872 quidem
265 1797 380 1850 'causae
401 1785 509 1864 deluit,
532 1791 565 1849 et
585 1782 668 1848 idem
682 1789 792 1866 postea
806 1786 952 1868 privatim
968 1784 1147 1848 Ciceronem
1162 1802 1228 1848 mo-

118 1891 196 1970 nuit,
221 1894 336 1971 quanto
359 1889 521 1968 utriusque
536 1885 617 1950 filius
631 1886 663 1948 in
679 1885 817 1966 periculo
832 1885 956 1950 futurus
972 1891 1062 1964 esset,
1078 1885 1104 1948 si
1119 1887 1229 1948 contra

119 1992 336 2077 proconsulem
368 2008 455 2054 arma
486 1989 640 2052 tulissent.
688 1987 774 2052 Haeo
807 1985 961 2067 quomodo
994 1985 1230 2066 interpretanda

120 2097 183 2162 sint
206 2093 389 2160 Schuetzius
412 2091 519 2156 docuit
530 2089 568 2173 ³),
591 2091 678 2154 cuius
700 2090 796 2153 verba
817 2089 895 2152 haec
910 2093 995 2152 sunt:
1020 2123 1075 2170 ,-
1099 2106 1229 2168 sequen·

119 2200 204 2264 tibus
226 2195 329 2262 verbis
351 2195 463 2275 quibus
485 2197 631 2256 narratur
653 2209 672 2254 o.
694 2191 795 2256 Sestio
817 2191 894 2254 illud
908 2190 1100 2270 proconsulis
1115 2207 1230 2253 nomen

121 2303 161 2367 ab
182 2299 320 2365 Antonio
342 2301 527 2377 usurpatum
548 2294 703 2357 irrisum
725 2294 838 2372 esse“;
861 2309 962 2372 neque
983 2309 1066 2370 vero,
1083 2309 1174 2372 quem
1189 2291 1231 2353 ad

120 2404 249 2468 modurn
271 2403 495 2482 interpretatur
517 2397 670 2478 MeyeruS,
692 2413 749 2478 pro
773 2395 853 2458 serio
882 2393 971 2457 dictis
993 2390 1136 2456 habenda
1158 2396 1231 2456 sunt

121 2512 178 2571 aut
203 2503 300 2569 metui
332 2501 455 2566 cuidam
483 2497 576 2564 Sestii
598 2497 728 2561 ridiculo
755 2496 931 2561 tribuenda.
975 2495 1023 2559 An
1050 2493 1230 2560 Ciceronem

122 2609 161 2672 de
183 2605 336 2671 fustuario
361 2603 528 2682 legionum,
558 2601 595 2664 de
623 2601 739 2663 scelere
768 2597 909 2662 Caesaris
938 2602 968 2661 et
994 2599 1034 2662 D.
1055 2597 1146 2661 Bruti
1167 2615 1231 2660 me-

120 2712 219 2776 tuisse
241 2701 414 2788 putandum
436 2708 493 2781 est,
516 2721 585 2765 cum
608 2701 645 2764 de
668 2699 710 2763 M.
732 2693 869 2763 Antonio
898 2697 1037 2762 eiusdem
1065 2699 1138 2762 anni
1159 2716 1231 2762 con-

121 2812 189 2878 sule
211 2811 255 2874 sic
278 2809 394 2871 diceret
410 2805 504 2888 (Phil.
521 2803 570 2866 III
586 2803 654 2884 14);
678 2819 766 2882 ,nam
790 2801 816 2863 si
837 2800 889 2863 ille
912 2798 1028 2877 consul,
1044 2798 1231 2863 fustuarium

121 2916 304 2978 meruerunt
335 2907 473 2988 legiones
512 2924 591 2986 quac
630 2903 787 2968 consulem
824 2902 1026 2982 reliquerunt,
1064 2901 1231 2966 sceleratus

122 3017 249 3092 Caesar,
272 3013 388 3076 Brutus
410 3009 546 3072 nefarius
570 3007 622 3088 qui
645 3011 752 3070 contra
774 3005 932 3068 consulem
958 3003 1080 3082 privato
1103 3002 1232 3067 oonsilio

122 3118 278 3185 exercitus
301 3109 595 3194 comparaverunt‘?
637 3109 739 3186 Quare
768 3105 890 3188 siquid
917 3104 967 3167 hic
988 3103 1153 3168 ridiculum
1175 3107 1232 3182 est,

122 3225 156 3286 in
178 3223 265 3285 metu
287 3217 422 3298 quodam
446 3205 539 3278 Sestii
561 3215 645 3276 certe
667 3229 730 3274 non
753 3213 800 3273 est
821 3208 966 3290 positum.

226 3320 292 3384 Iam
314 3337 387 3382 vero
411 3318 449 3380 de
470 3315 545 3395 ipsis
566 3314 679 3378 litteris
703 3317 733 3376 et
754 3311 845 3375 Bruti
867 3314 898 3374 et
919 3308 1048 3373 Antonii
1063 3308 1233 3389 quaeritur.

122 3427 171 3491 Ac
192 3423 327 3504 primum
354 3420 479 3500 quidem
507 3415 674 3481 videndum
702 3413 846 3493 estque
875 3410 1082 3492 spectaverint
1110 3427 1234 3490 quoque

230 3644 250 3714 ¹)
270 3641 318 3696 Cir
334 3641 437 3710 Meyer.
456 3639 474 3691 l.
494 3656 515 3692 c.
534 3655 559 3706 p.
579 3636 620 3691 27.

227 3729 252 3796 ²)
277 3726 382 3781 Eodem
408 3725 549 3793 pertinent
580 3722 723 3775 Ciceronis
755 3718 839 3773 verba
864 3715 944 3785 paulo
971 3721 1034 3784 post
1060 3713 1095 3767 ad
1120 3713 1234 3767 Brutum

125 3816 232 3883 scripta
249 3813 318 3866 hoec
336 3814 390 3880 (ep.
409 3811 423 3864 Ι
444 3811 469 3874 3,
490 3809 532 3876 4);
551 3827 596 3856 (-
616 3807 650 3859 61
672 3812 734 3860 tuos
758 3805 815 3858 sive
840 3803 960 3870 captivos
983 3801 1039 3854 sive
1063 3798 1233 3854 dediticios».

124 3904 218 3968 Atque
236 3897 357 3950 adhaec
375 3893 654 3962 Brutus.reepexiase
669 3889 778 3947 videtur
801 3903 862 3942 cunr
884 3887 939 3954 (ep.
958 3887 1012 3950 14,
1030 3887 1059 3952 1)
1077 3885 1119 3938 sid
1135 3883 1234 3938 rescri-

126 3988 218 4041 beret:
236 3987 291 4034 «lat
307 3981 359 4034 hoe
375 3981 487 4048 ipsum»,
506 3979 624 4046 inquies,
642 3977 748 4043 «inique
762 3973 838 4036 iacis,
852 3972 898 4038 qui
911 3970 1019 4024 hostilis
1038 3970 1123 4023 animi
1136 3971 1165 4022 in
1176 3985 1235 4024 rem

125 4068 267 4140 publicam
285 4066 411 4120 homines
429 4066 503 4118 cives
521 4062 679 4132 appelleon».

231 4153 253 4220 ³)
271 4150 289 4204 l.
308 4165 330 4204 c.
349 4167 374 4219 p.
392 4148 486 4202 LXIV.
