3048 4850
314 235 375 300 104

270 422 321 469 sus
344 406 393 486 sit,
418 404 518 468 minus
540 409 673 485 quatuor
695 408 727 468 et
748 403 857 484 viginti
879 401 987 467 diebus
1008 401 1029 466 i.
1053 420 1079 467 e.
1102 405 1174 465 ante
1188 401 1259 466 Kal.
1271 401 1375 483 April.

270 508 319 570 vel
341 507 498 588 Ephesum
520 507 570 570 vel
593 506 752 586 Smyrnam
776 505 995 584 attingeretur
1011 503 1375 586 potuit¹)nequeDola·

272 607 384 672 bellam
418 607 477 670 nisi
509 619 571 670 uno
597 607 645 671 vel
670 607 768 671 altero
790 607 840 670 die
861 611 933 688 post
954 605 1126 670 convenire.
1170 605 1274 682 Quare
1296 622 1376 685 quo-

271 710 353 772 niam
376 709 426 772 hic
448 709 487 772 de
514 727 574 789 qua
596 709 699 792 agitur
719 715 845 772 senatus
865 707 912 773 Id.
934 709 1032 791 April.
1053 707 1179 771 habitus
1198 711 1254 786 est,
1277 707 1376 770 Dola-

272 811 363 891 bella,
386 817 551 891 antequam
568 811 651 875 illius
668 817 794 875 senatus
811 809 943 874 consulti
965 805 1079 874 certior
1095 813 1177 873 esset
1192 807 1303 893 iactus,
1316 808 1377 872 bas

273 930 349 992 quas
372 911 478 976 Cicero
500 911 654 993 significat
672 915 795 977 litteras
818 912 939 977 dederit
960 928 1086 977 necesse
1108 916 1164 990 est,
1188 929 1287 991 eoque
1310 929 1377 974 ma-

273 1015 319 1094 gis
341 1015 424 1095 quod
445 1020 517 1078 ante
539 1013 613 1078 Idus
633 1016 695 1078 iam
716 1016 848 1079 Romam
870 1015 1046 1096 pervenisse
1067 1013 1220 1094 videntur.
1253 1011 1377 1092 Neque,

275 1130 329 1179 cur
350 1117 451 1180 minus
473 1117 513 1180 sit
534 1115 695 1197 probabile
717 1136 786 1181 eum
810 1117 849 1182 ad
871 1121 1011 1181 senatum
1035 1115 1158 1181 omnino
1181 1115 1303 1179 litteras
1319 1115 1379 1178 mi-

274 1219 350 1281 sisse
360 1215 400 1298 ²),
423 1218 565 1299 equidem
596 1219 711 1282 video.
741 1219 887 1283 Habebat
918 1220 999 1283 enim
1028 1215 1112 1299 quod
1139 1220 1322 1299 quereretur
1343 1215 1379 1278 in

275 1319 394 1400 Syriam
428 1321 618 1402 provinciam
641 1321 700 1385 sibi
723 1342 741 1386 a
762 1321 877 1402 populo
901 1321 1099 1385 constitutam
1113 1317 1140 1402 3)
1167 1319 1307 1382 Cassium
1330 1317 1379 1380 in-

274 1423 390 1485 vasisse
401 1421 427 1503 ⁴)
450 1421 648 1503 legionesque
670 1423 729 1486 sibi
751 1423 791 1485 ad
812 1421 993 1486 Parthicum
1014 1422 1130 1486 bellum
1153 1421 1243 1484 datas
1264 1420 1314 1483 vel
1337 1419 1377 1482 ab

274 1522 334 1586 hoo
360 1524 409 1587 vel
441 1543 460 1586 a
486 1523 584 1587 Bruto
604 1529 744 1588 retentas
766 1542 842 1588 esse.
885 1523 1015 1588 Poterat
1037 1524 1130 1588 etiam
1154 1523 1280 1586 caedem
1302 1522 1378 1585 Tre-

275 1625 361 1688 bonii
392 1630 447 1688 aut
479 1643 627 1688 excusare
648 1631 702 1689 aut
724 1627 834 1690 saltem
856 1627 987 1705 iactare3
1015 1629 1145 1689 namut
1167 1643 1186 1686 a
1206 1623 1309 1687 Roma
1329 1641 1377 1686 re·

276 1726 395 1806 busque
427 1744 505 1808 quae
531 1728 563 1790 in
585 1727 679 1791 Italia
699 1728 888 1808 gerebantur
908 1729 999 1808 longe
1022 1726 1140 1804 aberat,
1162 1727 1213 1789 vix
1236 1725 1377 1789 conicere

276 1832 400 1909 poterat
429 1833 550 1892 tantam
575 1829 615 1893 iis
637 1831 690 1910 qui
711 1849 730 1893 a
752 1827 892 1894 Caesaris
913 1829 1054 1912 partibus
1075 1834 1229 1892 steterant
1250 1845 1317 1890 eum
1338 1828 1372 1890 li-

277 1930 370 1994 berae
401 1931 447 1994 rei
472 1931 614 2012 publicae
645 1931 928 2014 propugnatoribus
953 1932 986 1995 in
1007 1931 1145 1996 Antonio
1169 1929 1371 2011 oppugnando

276 2033 487 2097 intercessisse
508 2036 752 2098 consensionem.
787 2033 877 2111 Quod
898 2033 980 2097 idem
1001 2033 1034 2096 in
1055 2031 1134 2097 Phil.
1157 2015 1245 2096 XI'2
1269 2031 1375 2095 Cicero

278 2135 411 2200 monuit:
443 2137 516 2214 „sed
536 2137 588 2201 ille
611 2157 679 2202 cum
702 2140 811 2219 procul
832 2143 914 2202 esset
936 2155 955 2201 a
978 2135 1155 2201 consulibus
1177 2133 1378 2198 exercitibus-

278 2256 337 2319 que
369 2239 484 2304 nostris
516 2259 615 2320 neque
647 2241 720 2304 dum
748 2246 888 2305 senatum
912 2234 980 2304 eum
1002 2239 1117 2320 populo
1140 2239 1282 2302 Romano
1306 2255 1379 2300 con-

278 2339 411 2420 spirasse
442 2342 597 2419 sensisset,
630 2341 728 2406 fretus
761 2343 889 2406 Antonii
911 2343 1006 2423 copiis
1028 2337 1381 2420 66666161666666611ιι

279 2459 305 2505 6.
328 2458 356 2520 q.
379 2458 403 2506 s.
448 2441 538 2518 Q'uod
569 2460 642 2506 vero
674 2443 796 2507 litteras
829 2444 894 2506 eius
926 2462 988 2506 non
1018 2443 1157 2526 prolatas
1179 2459 1246 2505 esse
1270 2440 1380 2505 Cicero

280 2542 396 2621 scribit,
428 2545 478 2606 vel
503 2543 659 2619 tabellarii
680 2544 829 2607 nimirum
860 2545 1024 2628 postquam
1058 2563 1127 2608 eum
1154 2543 1277 2608 bostem
1299 2543 1381 2607 iudi-

280 2648 384 2708 catum
406 2661 472 2714 esse
506 2650 732 2726 cognoverunt,
758 2663 810 2710 eas
843 2649 1044 2728 comprimere
1077 2648 1221 2710 scierunt.
1271 2647 1383 2726 Neque

279 2752 384 2811 tamen
417 2746 602 2812 eredendum
626 2755 672 2814 est
693 2747 794 2814 nullos
815 2749 998 2814 Dolabellae
1019 2751 1137 2813 Romae
1157 2749 1252 2812 fuisse
1274 2767 1384 2813 neces·

281 2850 378 2914 sarios
399 2853 448 2915 vel
470 2849 646 2930 familiares,
669 2852 782 2932 quibus
802 2852 923 2916 litteras
945 2869 1015 2915 suas
1037 2869 1092 2934 pro
1115 2856 1254 2933 tempore
1283 2852 1384 2930 magi-

280 2953 429 3016 stratibus
461 2953 636 3018 reddendas
668 2955 814 3018 mitteret.
856 2953 944 3017 Nam
969 2953 1035 3017 eius
1056 2952 1236 3017 tabellarios
1262 2952 1295 3015 id
1317 2971 1383 3015 non

249 3122 251 3127 ,
282 3071 373 3118 ausos
403 3072 472 3119 esse
504 3053 614 3133 faeere,
646 3055 728 3135 quod
749 3055 836 3119 Pilus
856 3054 909 3118 ille
930 3053 1062 3134 fecisset,
1084 3055 1188 3119 neseio
1211 3073 1250 3118 an
1273 3053 1384 3119 Cicero

281 3173 318 3219 66
341 3157 468 3221 consilio
500 3159 665 3238 scripserit,
688 3163 724 3220 ut
744 3156 821 3220 haec
844 3175 966 3238 quoque
988 3158 1105 3238 aliquid
1126 3159 1304 3222 aculeorum
1327 3157 1384 3222 ha-

280 3257 400 3337 berent,
423 3277 460 3323 ex
482 3278 542 3340 quo
565 3260 696 3323 sentiret
716 3259 832 3322 Brutus
853 3257 1081 3324 inconsiderate
1104 3264 1135 3324 61
1155 3239 1273 3324 temere
1293 3258 1352 3323 sei
1371 3295 1384 3305 -

282 3361 368 3442 cisse,
381 3362 434 3443 qui
444 3362 537 3426 nullis
550 3363 656 3426 amicis
668 3362 816 3426 consultis
827 3367 931 3427 tantas
942 3380 991 3426 res
1004 3361 1384 3443 tabellariomandaret5).

383 3671 406 3738 Ξ)
425 3671 624 3740 (1111166611.
644 3685 665 3724 o.
684 3686 728 3739 pp.
746 3670 779 3724 28
797 3669 881 3723 6130.
980 3681 982 3690 ’

395 3756 887 3826 )Αρρ.1111611161161.1160.“

383 3847 407 3911 ⁴)
425 3845 487 3912 Ipse
515 3844 610 3898 Cicero
631 3846 661 3896 in
679 3859 720 3912 ep.
741 3843 775 3897 ad
794 3844 916 3898 Cassium
933 3843 970 3896 in.
989 3858 1023 3896 m.
1042 3842 1122 3899 Febr.
1140 3841 1225 3900 missa
1242 3839 1316 3907 (fam.
1328 3840 1385 3893 XII

284 3931 309 3995 4,
325 3931 356 4000 2)
373 3930 407 3986 de
425 3929 569 3989 Dolabella
585 3935 721 3998 tamquam
740 3929 833 3982 Cassio
852 3925 1017 3984 succedente
1035 3925 1140 3982 scribit.
1259 3983 1261 3991 ,

384 4019 407 4083 ³)
424 4016 572 4084 Aptissima
592 4031 651 4068 cum
668 4015 720 4068 boc
733 4014 794 4068 1666
804 4017 996 4082 comparantur
1004 4013 1059 4066 loci
1070 4027 1137 4078 quos
1150 4009 1244 4066 attulit
1255 4011 1386 4088 Meyerus

286 4100 320 4156 de
337 4116 410 4168 prov.
429 4100 562 4154 consular.
581 4100 614 4153 15
631 4105 659 4153 et
675 4100 708 4152 ab
724 4100 754 4153 in
771 4099 861 4152 Pison.
879 4097 912 4150 39
931 4097 1008 4150 6144
1349 4085 1353 4094 ’

383 3587 404 3653 1’)
424 3585 469 3640 cfr
488 3585 618 3640 Schmidt.
636 3585 654 3638 l.
673 3601 694 3638 c.
713 3601 737 3653 p.
756 3585 779 3639 8.
