3082 4856
263 279 284 344 2

219 464 283 526 sint
305 481 343 526 cx
366 479 475 525 earum
501 455 643 541 numero,
672 479 808 544 qnamm
829 466 899 527 tota
921 481 1017 528 causa
1037 465 1088 529 uel
1109 470 1220 532 nostra
1241 475 1349 538 aetate

218 582 282 627 non
316 564 417 628 solum
450 563 586 627 maxime
620 563 717 627 dubia
744 564 800 628 sed
828 565 955 630 omnino
989 566 1157 648 desperata
1189 570 1348 637 videatur.

219 666 313 743 Quod
334 665 368 728 in
390 665 541 746 epistolas
563 684 583 729 a
606 663 757 729 Cicerone
779 665 820 728 ad
841 665 976 731 Brutum
999 671 1031 731 et
1051 667 1093 731 ab
1113 669 1174 733 hoc
1196 670 1237 733 ad
1259 670 1348 736 Cice-

218 786 328 832 ronem
350 767 450 846 datas,
474 785 556 848 quae
583 768 711 848 quidem
737 767 779 830 ad
806 786 864 832 nos
885 769 1096 848 pervenerint,
1125 771 1240 837 cadere
1273 791 1346 837 con·

218 874 292 933 stat.
336 869 418 933 Nam
441 887 521 950 quae
543 869 706 950 epistolae,
728 874 899 951 postquam
926 871 1042 935 abhinc
1064 877 1189 936 centum
1212 875 1347 954 quadra·

216 972 306 1052 ginta
327 989 426 1036 annos
447 972 584 1053 primum
605 976 769 1052 tamquam
791 973 918 1052 spuriae
941 978 974 1036 et
993 971 1129 1038 ficticiae
1152 994 1172 1038 a
1194 975 1348 1041 Cicerone

217 1074 418 1139 abiudicatac
438 1073 630 1156 falsarioque
653 1074 779 1137 cuidam
800 1074 908 1156 inepto
930 1075 981 1139 uel
1003 1076 1211 1140 declamatori
1232 1095 1347 1159 parum

217 1177 311 1241 docto
335 1177 482 1241 addictae
504 1180 604 1255 erant,
628 1194 699 1240 cum
720 1176 898 1256 posteriore
924 1181 1068 1258 tempore
1095 1177 1238 1242 homines
1260 1180 1347 1244 docti

216 1280 398 1344 exstiterint
430 1283 526 1359 atque
557 1278 605 1341 illi
638 1278 765 1358 quidem
798 1278 939 1341 omnium
976 1280 1250 1360 praestantissimi,
1292 1283 1347 1363 qui

215 1381 427 1463 patrocinium
455 1398 561 1444 earum
589 1381 793 1460 susciperent,
820 1380 936 1443 itemm
962 1382 1140 1463 iterumque
1167 1383 1282 1447 iisdem
1308 1383 1346 1447 il·

215 1484 254 1547 lis
277 1483 490 1547 damnationis
513 1482 679 1546 conatibus
702 1480 945 1561 succubuerunt,
970 1483 1010 1547 de
1030 1485 1069 1548 iis
1091 1485 1143 1548 vix
1162 1485 1228 1549 iam
1250 1487 1347 1550 licere

215 1585 342 1650 videtur
362 1584 444 1648 bene
466 1600 606 1663 sperare.

319 1686 408 1763 Quae
440 1703 515 1748 vero
548 1685 724 1782 sententiae
757 1703 882 1766 quoque
907 1690 1051 1767 tempore
1084 1687 1124 1751 de
1150 1689 1200 1751 his
1228 1689 1345 1769 episto·

214 1790 254 1854 lis
281 1790 314 1853 in
341 1794 510 1868 utramque
537 1792 661 1868 partem
687 1789 832 1869 prolatae
860 1789 932 1868 sint,
968 1791 1037 1870 etsi,
1071 1809 1112 1855 ne
1144 1795 1217 1855 acta
1250 1809 1345 1871 agere

213 1893 387 1970 videamur,
421 1890 565 1973 pluribus
598 1908 747 1955 enarrare
774 1909 840 1955 non
867 1910 947 1972 opus
981 1897 1038 1971 est,
1064 1892 1203 1957 breviter
1236 1897 1345 1956 tamen

214 2001 251 2060 ut
290 2012 494 2076 exponamus,
532 2012 584 2059 res
624 1994 695 2075 ipsa
730 1995 873 2075 postulat
912 2013 1006 2076 qnam
1041 1995 1135 2059 nobis
1179 1995 1345 2076 proposui-

213 2116 294 2162 mus.
344 2097 449 2180 Atque
482 2102 594 2162 auctor
624 2098 719 2161 huius
757 2098 952 2178 quaestionis
990 2098 1126 2162 Iacobus
1160 2096 1345 2160 Tunstallus

214 2201 345 2280 exstitit,
374 2201 429 2280 qui
456 2219 527 2264 cum
555 2200 691 2278 epistola
718 2199 828 2259 critica
854 2200 896 2258 ad
924 2199 959 2259 C.
987 2199 1230 2260 Middletonium
1260 2214 1344 2260 anno

213 2301 407 2366 MDCCXLI
434 2299 510 2361 data
524 2299 557 2378 ¹),
580 2296 675 2360 variis
695 2296 856 2360 erroribus
873 2297 907 2359 in
922 2297 989 2360 vita
1005 2297 1048 2360 M.
1066 2296 1161 2360 Tullii
1184 2294 1345 2360 Ciceronis

214 2404 254 2467 ab
278 2402 339 2465 hoe
361 2400 447 2465 edita
470 2397 678 2480 exprobratis,
702 2398 758 2478 ,de
779 2397 905 2461 illarum
929 2416 1064 2480 quoque,
1085 2417 1167 2479 quae
1183 2398 1345 2463 Ciceronis

214 2504 256 2568 ad
283 2504 327 2568 M.
354 2502 489 2566 Brutum
517 2500 672 2581 Brutique
699 2499 740 2562 ad
767 2498 953 2564 Ciceronem
979 2500 1074 2580 vulgo
1096 2499 1254 2579 feruntur,
1278 2501 1345 2581 epi-

214 2606 368 2670 stolarum
390 2601 529 2685 odberrlq
550 2601 702 2665 nonnulla
724 2601 924 2679 dissereret,“
947 2599 1043 2666 fidem
1066 2607 1098 2667 et
1120 2603 1345 2667 anctoritatem

213 2725 323 2772 earum
351 2704 511 2787 prioribus
533 2704 667 2767 saeculis
690 2704 778 2767 nulla
799 2702 978 2784 suspicione
1000 2704 1199 2768 imminutam
1224 2705 1346 2786 primus

213 2811 246 2874 iu
269 2809 400 2873 dubium
421 2806 557 2872 vocavit.
602 2804 661 2868 Cui
683 2824 754 2869 cum
780 2804 1010 2908 Middletonius
1037 2807 1260 2871 dissertatione
1289 2803 1346 2871 no·

213 2930 272 2977 vae
299 2910 472 2975 earundem
502 2909 708 2990 epistolarum
735 2907 869 2971 editioni
901 2907 1236 2988 praemissa·bienni0
1271 2912 1346 2989 post

214 3014 430 3095 respondisset
451 3013 661 3092 iniuriamque
682 3010 721 3074 iis
736 3010 859 3074 illatam
874 3008 1044 3073 defendere
1059 3008 1242 3088 studuisset,
1260 3009 1345 3072 Tun·

215 3118 327 3182 stallus
348 3117 465 3181 iterum
487 3133 559 3178 eum
581 3130 748 3193 aggressus
771 3111 1069 3175 commentationem
1091 3110 1131 3174 de
1150 3109 1211 3174 hoc
1227 3110 1345 3190 episto-

215 3239 306 3283 arum
321 3219 404 3284 libro
422 3218 521 3282 edidit
531 3216 570 3297 ²),
588 3233 651 3296 qua
661 3213 830 3277 manifesta
845 3212 967 3277 fraudis
982 3213 1117 3293 vestigia
1133 3211 1166 3276 in
1177 3213 1216 3276 iis
1234 3211 1346 3292 depre-

215 3322 363 3385 hendisse
390 3319 452 3383 sibi
478 3317 661 3382 uidebatur:
695 3316 784 3378 cuius
811 3315 1002 3380 anctoritate
1028 3313 1233 3380 confirmatus
1260 3313 1346 3376 Iere-

215 3422 295 3486 mias
316 3419 525 3484 Marklandus
548 3416 757 3482 confidentius
778 3416 842 3480 iam
866 3421 898 3480 et
920 3416 1064 3480 acerbius
1085 3415 1119 3476 in
1140 3414 1198 3475 has
1226 3411 1346 3491 episto-

215 3527 263 3590 las
289 3525 433 3587 invectns
466 3524 562 3600 est).
606 3520 711 3600 Atque
737 3519 785 3582 ita
811 3520 938 3600 quidem
965 3514 1168 3595 vituperandi
1195 3513 1279 3577 ratio
1302 3512 1345 3576 ab

322 3729 342 3796 ¹)
361 3726 489 3796 Epistola
507 3724 542 3779 ad
563 3725 654 3778 virum
673 3721 812 3778 eruditum
830 3720 952 3790 Conyers
971 3717 1136 3780 Middleton,
1159 3717 1232 3771 vitae
1256 3717 1293 3770 M.
1312 3717 1345 3771 T.

219 3813 365 3869 Ciceronis
384 3813 547 3880 scriptorem
566 3814 617 3864 cet.
637 3807 833 3875 cantabrigiae
849 3805 924 3858 1741.

320 3901 344 3968 ²)
371 3897 570 3952 Observations
591 3911 628 3949 on
650 3893 697 3947 the
719 3897 835 3962 present
858 3889 1006 3944 collection
1029 3886 1061 3941 of
1081 3888 1195 3956 epistles
1218 3887 1343 3942 between

218 3987 316 4041 Cicero
336 3983 391 4038 and
409 3983 447 4036 M.
466 3981 578 4035 Brutus.
613 3978 730 4034 London
748 3977 823 4032 1744.

321 4071 344 4137 ἱ)
371 4065 507 4123 Remarlrs
530 4082 566 4120 on
588 4065 636 4119 the
659 4064 774 4134 epistles
794 4061 825 4116 of
839 4060 935 4114 Cicero
953 4063 982 4112 to
1000 4057 1103 4111 Brutus
1121 4057 1176 4111 and
1194 4056 1225 4111 of
1239 4056 1344 4108 Brutus

218 4163 247 4211 to
265 4153 377 4209 Cicero:
395 4154 429 4207 In
448 4167 465 4205 a
482 4151 567 4206 letter
584 4155 613 4204 to
632 4165 649 4203 a
666 4147 759 4203 friend
778 4153 830 4202 etc.
864 4143 985 4199 London
1003 4141 1078 4197 1745.
