3048 4850
312 287 372 352 loo

164 477 169 491 '
268 491 337 537 ram
368 471 433 534 eius
464 469 596 533 maxime
616 468 716 546 ¹luisse
736 469 896 549 insignem,
920 488 981 550 qua
1002 469 1041 562 1ο
1068 487 1162 540 causa
1189 468 1376 536 Ciceronem

271 599 393 662 quoque
424 580 456 642 in
488 579 568 642 Phil.
594 577 623 644 X
651 579 682 662 (ἓ
707 579 761 661 13)
776 567 838 642 'filii
860 579 1048 644 mentionem
1069 579 1188 644 fecisse.
1234 579 1302 658 Q'ua
1324 584 1377 644 ta-

270 701 342 757 men
373 683 406 746 in
437 699 480 760 re,
514 681 597 764 quod
629 681 753 764 quidem
786 681 827 744 ad
848 681 1050 746 Plutarchum
1071 682 1234 762 pertineat,
1257 683 1377 746 erravit

270 785 318 849 vir
350 783 474 862 doctus;
507 801 640 864 namque
671 783 763 846 aliter
794 782 870 846 haec
901 789 932 846 et
954 801 973 846 a
994 783 1161 847 Plutarcho
1184 789 1216 848 et
1236 783 1270 846 in
1290 783 1376 846 Phil.

271 886 301 952 X
333 893 364 950 et
401 885 446 950 XI
478 884 595 948 tradita
628 889 709 964 sunt,
752 901 830 964 quae
866 884 990 966 quidem
1021 885 1107 948 nulla
1142 885 1175 950 in
1211 903 1245 948 re
1282 903 1377 967 repu-

272 994 378 1072 gnant.
410 987 467 1051 Ille
488 991 654 1068 postquam
675 985 902 1065 Dyrrhachium
924 1004 944 1049 a
964 985 1061 1050 Bruto
1083 990 1242 1066 receptum
1255 1004 1378 1052 esse-

274 1111 334 1175 quo
356 1090 490 1171 pertinet
512 1087 591 1153 Phil.
613 1086 642 1153 X
660 1089 699 1152 13
720 1089 1122 1165 extr-commemoravit,
1144 1088 1188 1152 sic
1209 1090 1312 1170 pergit
1333 1089 1377 1172 (c.

273 1196 323 1272 26,
347 1195 396 1273 2):
425 1189 526 1274 „Furor
548 1187 707 1257 δἈντώνιος
734 1183 905 1271 Ἀπολλωνίᾳ
933 1191 1102 1276 προσβαλὼν
1125 1190 1185 1252 ἐκεῖ
1203 1191 1269 1258 τοὺς
1291 1191 1378 1274 ἐγγὺς

274 1293 357 1360 ὄντας
375 1293 470 1356 ἐκάλει
481 1294 663 1374 στρατιώτας.
696 1285 779 1354 Ἐπεὶ
792 1287 815 1353 δ’
830 1290 910 1353 οὔτοί
919 1314 950 1354 τε
962 1292 1032 1376 πρὸς
1043 1290 1172 1376 Βροῦτον
1183 1293 1296 1374 ὤχοντο
1308 1295 1377 1373 -“;

275 1395 387 1480 quibus
409 1412 534 1460 necesse
556 1400 603 1459 est
625 1400 656 1458 et
677 1412 714 1458 ea
736 1395 962 1478 contineantur,
986 1413 1064 1476 quae
1087 1393 1194 1460 Cicero
1212 1395 1241 1478 (b
1259 1397 1298 1459 13
1312 1413 1379 1460 me·

275 1499 341 1580 dia)
365 1499 403 1561 de
425 1496 488 1562 filio
512 1497 601 1561 dicit:
625 1496 731 1578 „legin
754 1515 845 1577 quam
870 1497 904 1560 L.
926 1497 999 1560 Piso
1022 1497 1156 1562 ducebat
1177 1498 1299 1578 legatus
1313 1498 1380 1562 An-

278 1601 364 1680 tonii,
397 1600 538 1665 Ciceroni
560 1616 592 1662 se
619 1597 683 1662 filio
705 1616 774 1662 meo
798 1598 953 1677 tradidit‘,
977 1604 1009 1663 et
1029 1617 1109 1680 quae
1131 1599 1189 1664 hoc
1211 1600 1279 1664 loco
1302 1601 1380 1666 scri-

275 1703 336 1766 bit:
361 1721 467 1785 „quem
488 1703 630 1783 equitatu
651 1700 885 1782 legionibusque
906 1719 1019 1780 magna
1041 1719 1078 1764 ex
1099 1702 1378 1784 partespoliaras“,

277 1806 408 1886 denique
440 1822 520 1885 quae
552 1804 647 1867 allato
679 1802 732 1867 illo
766 1803 845 1866 Phil.
873 1803 902 1866 X
929 1804 997 1867 loco
1021 1802 1052 1885 (ἕ
1083 1804 1122 1868 13
1151 1803 1265 1886 prima)
1288 1803 1376 1880 dicit:

278 1925 365 1990 „cum
386 1906 446 1970 VII
474 1904 654 1970 cohortibus
677 1922 743 1969 esse
767 1906 951 1986 Apolloniae
971 1906 1079 1969 scribit
1097 1905 1292 1996 Antonium“
1322 1906 1373 1970 ln-

277 2009 379 2073 clusus
411 2012 516 2072 autem
547 2008 609 2071 iam
641 2013 708 2072 erat
740 2009 902 2086 Antonius,
936 2007 1019 2090 quod
1051 2008 1168 2072 Brutus
1189 2013 1221 2071 et
1241 2007 1375 2090 Dyrrha·

278 2110 382 2174 chium
413 2114 444 2172 et
476 2111 691 2176 Macedoniam
724 2128 890 2192 omnesque
923 2127 1003 2190 quae
1033 2110 1078 2173 ibi
1110 2114 1199 2173 erant
1220 2110 1325 2192 copias
1346 2110 1379 2172 in

279 2231 368 2278 suam
399 2213 561 2292 redegerat
592 2217 788 2292 potestatem.
832 2212 924 2292 Apud
956 2211 1171 2280 Plutarchum,
1190 2215 1296 2276 autem
1327 2211 1382 2300 illa

280 2315 436 2394 excipiunt
466 2314 556 2378 haec:
580 2349 636 2396 „—
658 2313 792 2380 καὶτοὺς
814 2310 1038 2379 Ἀπολλωνιάτας
1060 2313 1166 2396 ἤσλλττο
1191 2312 1225 2374 τὰ
1246 2312 1381 2398 Βρούτου

279 2419 463 2500 φρονοῦντας,
491 2414 641 2477 ἐκλιπὼν
668 2417 728 2497 τὴν
754 2413 853 2476 πόλιν
871 2415 911 2482 εἰς
933 2411 1108 2497 Βουθρωτὸν
1131 2415 1274 2500 &habetest
1297 2418 1385 2499 (pro-

279 2515 376 2581 ficisci
407 2516 571 2598 instituit);
605 2534 643 2579 er
675 2516 786 2596 quibus
814 2521 952 2597 apparet,
976 2534 1055 2597 quae
1082 2517 1227 2598 deinceps
1254 2537 1385 2586 naman-

280 2625 342 2696 tur‚
365 2635 402 2682 ea
423 2635 485 2680 non
506 2617 569 2682 iam
590 2616 631 2679 ad
651 2617 822 2681 Antonium
842 2618 1026 2701 Apolloniae
1047 2618 1199 2684 inclusum
1220 2638 1320 2701 neque
1343 2621 1386 2685 ad

280 2720 396 2802 primas
418 2719 508 2782 Bruti
532 2718 672 2798 pubhcas
693 2719 814 2783 litteras
840 2720 995 2800 pertinere
1021 2739 1123 2804 posse.
1176 2723 1284 2803 Neque
1308 2741 1384 2790 vero

281 2821 314 2886 in
340 2821 419 2886 Phil.
445 2821 474 2884 X
496 2820 535 2885 de
560 2821 654 2886 rebus
675 2839 694 2884 a
715 2822 813 2886 Bruto
835 2824 932 2902 gestis
954 2823 1118 2905 quicquam
1140 2823 1276 2903 affertur,
1300 2825 1387 2906 quod

281 2925 462 3006 posterioris
485 2923 525 2989 sit
546 2925 706 3005 temporis,
729 2942 822 3004 quam
837 2931 909 2990 sunt
924 2926 977 2990 illa
992 2944 1071 3008 quae
1083 2927 1255 2992 attulimus.
1287 2928 1386 2992 Dein-

282 3044 354 3108 ceps
376 3030 480 3093 autem
501 3026 688 3090 Plutarchus
703 3026 780 3090 haec
801 3033 922 3092 narrat:
946 3024 1021 3108 “Kal
1037 3033 1149 3111 πρῶτον
1173 3029 1222 3112 μὲν
1245 3028 1387 3094 ἀπόλλυσι

282 3133 356 3212 τρεῖς
388 3128 504 3211 σπείρας
530 3127 664 3190 sabboti
688 3125 741 3189 ὑπὸ
776 3126 906 3212 Βρούτου
940 3131 1156 3198 κατακοπείσας·
1190 3129 1287 3195 ἔπειτα
1318 3132 1387 3200 τοὺς

283 3233 347 3316 περὶ
369 3233 419 3315 τὴν
442 3229 570 3294 Βυλλίδα
593 3230 697 3297 τόπους
719 3230 1012 3316 προκαταληφθέντας
1032 3233 1182 3317 ἐπιχειρῶν
1203 3233 1386 3318 ἐκβιάζεσθαι

282 3335 330 3396 καὶ
352 3334 449 3416 μάχην
472 3333 600 3417 συνάψας
621 3329 760 3414 Κικέρωνι
778 3337 896 3396 νικᾶται.
929 3331 1030 3396 Τούτιο
1042 3333 1264 3418 γὰροΒροῦτος
1275 3335 1383 3419 ἐχρῆτο

284 3437 432 3521 στρατηγῷ
466 3436 513 3498 καὶ
545 3433 637 3496 πολλὰ
670 3435 697 3495 δι
728 3434 816 3497 αὐτοῦ
847 3435 1050 3520 καθώρτοισε“.
1093 3437 1136 3501 Iis
1158 3438 1281 3502 demum
1303 3457 1384 3519 quae

284 3537 515 3618 subsequuntur
545 3537 661 3600 Brutus
694 3536 829 3601 traditur
860 3539 1031 3604 Antonium
1063 3539 1253 3622 palustribus
1285 3539 1317 3604 in
1337 3541 1383 3605 lo-

269 3639 329 3710 ,cis
357 3637 581 3720 deprehensum
609 3639 808 3722 acopiisque
830 3641 1011 3706 derelictum
1032 3641 1065 3706 in
1087 3641 1276 3706 deditionem
1298 3661 1385 3710 acce-

283 3743 368 3826 pisse
383 3742 418 3822 ¹).
455 3739 532 3808 (lum
554 3739 729 3808 bisantem
751 3760 831 3822 quoe
846 3743 1011 3810 attuhmus
1018 3743 1176 3810 Plutarchi
1187 3744 1289 3810 verbis
1301 3763 1384 3812 com·

284 3879 484 3890 -μ-

386 3961 408 4028 ¹)
435 3962 524 4028 Atque
550 3961 580 4014 in
606 3961 657 4015 hac
682 3977 712 4017 re
739 3962 874 4018 nouanda
901 3978 962 4016 cum
984 3961 1129 4017 Plutarcho
1146 3963 1228 4033 plane
1246 3967 1384 4020 consentit

264 4117 267 4124 Ι
288 4045 429 4114 Appianas
448 4045 502 4111 (111
519 4043 573 4114 79),
592 4059 676 4114 quero
693 4045 846 4100 mirandum
870 4052 911 4100 eat
928 4045 1114 4102 Drumannum
1137 4049 1162 4115 (l
1183 4067 1209 4118 p.
1231 4049 1281 4106 525
1301 4053 1384 4120 extr.)

285 4125 405 4184 Dionem
431 4129 561 4196 cossium,
579 4135 609 4184 ut
625 4130 741 4196 eluatur,
760 4133 931 4200 potissimum
949 4145 1009 4186 esre
1029 4139 1160 4200 secutum,
1179 4135 1225 4203 qui
1244 4133 1335 4201 (XVII
1351 4137 1384 4191 21
