3082 4856
1238 285 1278 350 15

190 476 310 540 tionem
331 477 398 536 tam
421 475 490 534 arte
513 469 659 548 conectit,
682 474 720 534 ut
744 469 806 534 nisi
828 471 867 535 de
889 470 1088 536 orationibus
1109 488 1174 534 una
1196 470 1321 535 eodem-

193 595 253 659 que
284 580 427 655 tempore
456 570 498 636 ad
531 588 564 634 10
590 571 695 636 missis
723 572 863 652 cogitare
891 591 955 637 non
982 573 1132 653 potuerit.
1176 573 1256 637 Tum
1282 572 1321 637 iis

192 695 270 760 quae
291 675 417 740 scribit:
442 692 542 756 ,nunc
563 673 683 737 scilicet
704 674 766 738 hoc
788 679 963 756 exspectas,
993 675 1068 740 dum
1090 693 1144 740 eas
1166 675 1320 754 laudem“,

189 780 376 846 Ciceronem
397 775 614 841 laudationem
642 777 823 841 orationum
848 777 975 841 illarum
1002 781 1097 841 antea
1119 777 1260 842 ostendit
1281 796 1321 842 ne

189 884 389 963 exspectasse
413 877 550 959 quidem,
574 878 690 959 quippe
713 896 793 959 quas
819 879 915 959 paulo
943 883 1019 942 ante
1041 878 1151 943 ambas
1173 880 1320 944 misisset.

187 984 256 1047 Iam
277 998 352 1046 1010
376 980 548 1061 quaeritur,
572 997 634 1060 qno
661 980 781 1044 lactum
808 981 859 1060 sit,
886 985 923 1044 ut
946 981 1057 1046 Cicero
1087 982 1261 1045 orationem
1283 982 1320 1046 il·

186 1085 251 1150 lam
284 1101 380 1165 quam
407 1083 480 1147 Kal.
508 1082 578 1146 lan.
606 1081 762 1146 habuerat
789 1082 885 1165 (Phil.
912 1083 956 1165 V)
984 1088 1060 1147 tunc
1088 1085 1215 1147 demum
1246 1087 1320 1164 post

188 1187 367 1252 orationem
388 1185 418 1248 X
440 1184 586 1248 habitam
608 1188 640 1248 et
661 1203 726 1248 una
748 1203 819 1248 cum
840 1186 910 1264 hac,
928 1186 949 1249 1.
967 1203 994 1249 e.
1009 1203 1117 1249 mense
1133 1184 1249 1248 Martio
1266 1184 1319 1248 de-

186 1306 273 1352 mum
295 1288 337 1351 ad
358 1287 495 1351 Brutum
518 1285 680 1354 mitteret?
717 1287 829 1366 Neque
856 1287 939 1351 enim
965 1287 1024 1350 has
1052 1286 1132 1351 duas
1159 1287 1319 1352 orationes

146 1434 149 1440 ι
186 1393 242 1454 aut
262 1390 381 1471 primas
409 1389 537 1452 videtur
564 1391 620 1450 0111
647 1387 731 1451 solas
758 1388 799 1450 ad
825 1388 910 1451 hunc
936 1388 1074 1466 misisse3
1102 1388 1199 1451 immo
1227 1392 1320 1452 etex

185 1493 256 1557 loco
279 1491 375 1555 modo
397 1490 496 1554 allato
518 1489 608 1552 illum
630 1488 694 1552 iam
716 1493 811 1553 antea
834 1489 1010 1554 orationem
1032 1489 1191 1568 quandam
1213 1507 1252 1552 ex
1267 1508 1320 1554 ea-

185 1613 260 1658 rum
281 1611 422 1672 numero,
444 1610 524 1674 quas
546 1591 741 1672 Philippicas
762 1591 907 1670 vocabat,
931 1592 972 1655 ad
993 1591 1078 1654 hunc
1095 1591 1319 1672 perferendam

190 1712 316 1759 curasse
338 1694 548 1774 colligendum
571 1692 668 1774 0111),
693 1697 725 1756 et
746 1694 801 1774 qui
821 1693 1160 1758 1010010101οωοῃεο
1178 1693 1320 1776 Septem-

72 1846 81 1890 Ὶ.
188 1796 236 1860 bri
266 1797 400 1878 primam
439 1796 617 1860 orationem
650 1795 860 1878 Philippicam
892 1796 1004 1860 eodem
1035 1813 1144 1860 mense
1175 1796 1319 1860 habitam

186 1899 228 1963 ad
260 1898 404 1962 Cassium
431 1897 554 1960 miserit
565 1895 603 1978 ²),
637 1897 714 1977 quin
745 1897 830 1961 idem
858 1915 930 1961 cum
961 1898 1062 1961 Bruto
1095 1916 1153 1962 suo
1186 1899 1318 1963 eandem

187 1999 474 2077 communicaverit,
513 1998 583 2079 quis
617 1997 796 2062 dubitabit?
839 1999 930 2062 Idem
963 1999 1098 2079 epistola
1123 1999 1218 2063 huius
1244 2000 1320 2064 libri

190 2105 305 2182 quarta
323 2101 371 2163 XI
393 2118 515 2180 quoque
538 2100 715 2164 orationem
729 2100 940 2183 Philippicam
955 2100 997 2163 ad
1010 2100 1145 2164 Brutum
1159 2101 1319 2182 perlatum
1358 2119 1361 2126 ·

189 2201 229 2266 iri
249 2201 427 2282 pollicetur.
472 2201 655 2266 Orationem
682 2201 892 2283 Philippicam
920 2201 950 2266 V
976 2201 1075 2281 igitur
1096 2219 1152 2265 cnr
1174 2202 1216 2265 ad
1236 2203 1318 2267 Bru-

187 2307 256 2366 tum
287 2303 413 2394 mittere
440 2305 563 2367 tamdiu
590 2305 769 2382 intermisit,
802 2323 874 2368 cum
900 2309 1008 2369 tamen
1033 2305 1222 2370 mittendam
1249 2323 1317 2370 esse

187 2405 402 2468 existimaret?
428 2406 586 2486 Equidem
601 2407 721 2472 nullam
736 2406 830 2470 aliam
853 2424 981 2471 causam
1002 2407 1139 2487 invenio,
1155 2407 1216 2471 nisi
1232 2407 1318 2488 quod

186 2507 346 2589 prioribus
368 2508 437 2573 eius
459 2511 533 2574 anni
560 2510 721 2575 mensibus
748 2509 850 2575 omnis
879 2512 1006 2575 omnino
1033 2511 1212 2575 litterarum
1240 2530 1318 2592 quo-

188 2628 250 2691 que
272 2612 515 2676 communicatio
537 2612 621 2676 inter
643 2612 827 2677 Ciceronem
850 2617 882 2676 01
902 2613 1038 2677 Brutum
1058 2613 1239 2677 intermissa
1260 2613 1317 2694 111;

186 2712 297 2794 primis
318 2716 425 2778 autem
446 2713 540 2776 huius
561 2713 677 2777 litteris
698 2713 833 2795 publicis
855 2715 989 2778 Romam
1011 2714 1117 2778 allatis
1140 2714 1246 2792 ethic,
1262 2715 1318 2779 ubi

184 2813 240 2877 ille
271 2819 462 2895 1011010101,
497 2816 614 2880 certius
646 2816 712 2879 iam
743 2816 844 2893 scivit,
881 2821 913 2880 et
945 2816 1046 2880 multa
1079 2820 1246 2897 praeterea
1277 2816 1317 2879 de

187 2917 302 2997 quibus
324 2917 489 2998 utriusque
517 2935 709 3000 magnopere
736 2918 903 2982 interesset
931 2917 1063 2981 consilia
1084 2917 1317 2980 communicare

187 3024 397 3084 accesserunt.
440 3020 547 3100 Atque
575 3021 646 3084 illas
674 3021 835 3085 orationes
863 3019 1048 3090 ciceronem
1080 3018 1176 3081 nullis
1201 3018 1317 3082 litteris

189 3121 303 3184 additis
324 3121 448 3186 misisse
469 3139 573 3203 neque
595 3141 652 3204 per
668 3141 702 3188 se
720 3122 870 3188 credibile
887 3127 945 3200 est,
963 3140 1066 3202 neque
1081 3121 1199 3184 Brutus
1214 3121 1317 3201 prima

186 3221 243 3286 illa
264 3223 398 3305 epistola
419 3224 505 3288 illius
526 3226 651 3290 litteras
672 3230 841 3307 tantopere
863 3228 1045 3307 exspectare
1066 3223 1209 3305 potuisse
1229 3222 1316 3286 vide-

186 3327 248 3403 tur,
275 3325 337 3388 nisi
363 3327 486 3408 aliquas
514 3327 554 3391 ab
584 3346 622 3393 00
648 3329 713 3392 iarn
741 3332 837 3392 antea
868 3328 993 3392 litteras
1020 3326 1202 3407 accepisset.
1251 3325 1316 3390 Ita-

186 3444 248 3507 que
270 3427 447 3508 epistolam,
471 3448 567 3510 quam
590 3429 776 3494 Ciceronem
797 3449 862 3494 una
884 3447 956 3493 cum
978 3429 1175 3494 orationibus
1196 3429 1316 3511 Philip-

290 3734 312 3801 ¹)
332 3733 418 3800 Quam
436 3749 496 3788 rem
514 3734 549 3787 ed
567 3735 701 3788 remotius
720 3733 858 3802 quoddam
876 3739 984 3803 tempus
1002 3736 1143 3802 pertinere
1160 3735 1252 3803 ipsum
1269 3751 1315 3790 10-

188 3815 323 3883 cabulum,
342 3833 395 3887 quo
413 3819 502 3872 utitur
518 3819 629 3884 Brutus,
647 3818 799 3886 „quadam‘
817 3817 933 3872 indicat.

287 3904 312 3971 ²)
331 3903 377 3958 Gfr
395 3920 438 3974 ep.
461 3905 497 3959 ad
520 3905 584 3959 fem.
602 3905 656 3958 XII
673 3905 698 3966 2,
718 3905 797 3957 cuius
814 3905 906 3973 prima
922 3904 1007 3957 verba
1024 3905 1094 3969 haec
1113 3909 1190 3957 sunt:
1209 3904 1316 3969 „Vehe-

184 3993 294 4042 menter
312 3989 403 4044 laetor
420 3991 474 4044 tibi
491 3990 606 4061 probari
624 3991 791 4045 sententiam
810 3994 839 4044 et
859 3990 1011 4044 orationem
1030 4005 1127 4054 meam,
1145 4005 1201 4056 que
1218 3990 1242 4043 si
1256 4005 1316 4044 sae-

184 4073 248 4140 pius
266 4075 310 4128 uti
332 4074 439 4141 liceret,
463 4076 534 4130 nihil
557 4079 634 4128 esset
655 4076 761 4143 negotii
783 4069 941 4129 libertate'm
966 4079 995 4128 et
1011 4089 1070 4127 rem
1088 4073 1226 4143 publicam
1244 4077 1315 4129 reci·

184 4163 309 4225 perare“¹
