3048 4850
1158 289 1221 356 113

137 487 210 550 dam
233 502 302 548 esse
323 502 343 546 a
363 483 496 546 fratrum
524 497 620 544 causa
642 479 671 543 ei
697 476 911 560 persuaderet,
938 475 972 538 id
979 475 1085 554 {quod
1110 477 1180 540 tota
1201 472 1261 537 hac

110 586 272 667 'epistola
293 584 365 664 egit.
410 583 490 646 Tum
511 599 597 659 vere,
621 598 691 644 cum
713 578 824 643 nuntio
846 576 944 640 allato
967 576 1007 638 de
1029 575 1163 639 victoria
1176 575 1262 656 apuu

136 687 255 750 Forum
288 683 451 748 Gallorum
484 685 577 763 parta
608 679 652 744 M.
679 679 836 744 Antonius
864 677 1023 758 ceterique
1049 676 1117 740 eius
1143 679 1261 740 sectam

136 786 236 850 secuti
268 785 376 848 hostes
410 785 517 846 essent
546 781 689 860 iudicati,
727 779 837 847 Cicero
871 781 1015 844 senatum
1047 777 1263 859 populumque

136 889 314 952 Romanum
336 884 382 946 sic
404 883 521 946 sentire
543 875 654 947 scribit
674 881 780 946 nullos
801 898 950 960 umquam
972 879 1080 944 hostes
1099 878 1262 966 ¹digniores

137 988 223 1051 omni
256 984 409 1066 supplicio
442 983 538 1048 luisse
571 1002 666 1066 quarn
694 1000 749 1046 cos
777 981 860 1046 cives
888 980 942 1060 qui
968 980 1022 1044 illo
1045 978 1128 1044 bello
1152 982 1263 1044 contra

136 1089 271 1172 patriam
305 1105 393 1150 arma
426 1086 591 1167 cepissent,
619 1085 703 1165 quod
733 1086 862 1148 senatus
890 1077 1066 1148 consultum
1095 1081 1263 1162 plerosque

136 1189 338 1270 interpretari
371 1187 467 1252 etiarn
500 1187 542 1250 ad
568 1186 603 1252 Ο.
631 1186 803 1250 Antonium
831 1184 999 1268 pertinere,
1027 1201 1061 1246 se
1087 1187 1194 1247 tamen
1222 1183 1263 1248 de

136 1291 191 1355 illo
214 1290 291 1353 nilril
325 1288 433 1352 durius
467 1288 651 1366 decrevisse,
679 1287 764 1367 quod
790 1305 810 1350 a
832 1287 931 1370 Bruto
957 1301 1087 1366 ¹causam
1116 1282 1183 1348 eius
1210 1303 1262 1368 cq-

136 1390 349 1474 gnoscendem
372 1408 440 1483 esse
463 1389 627 1454 statuisset
648 1387 680 1470 (I
701 1390 731 1468 3,
754 1386 853 1469 3-4)
869 1387 903 1468 ¹).
938 1386 1057 1449 Contra
1069 1385 1186 1450 Brutus
1203 1384 1263 1450 sibi

138 1497 287 1556 constans
308 1492 470 1574 rescripsit
492 1509 525 1555 se
552 1491 680 1574 captivo
698 1507 755 1552 suo
784 1506 886 1570 neque
914 1487 1082 1568 quicquam
1111 1486 1263 1568 eripuisse

138 1613 241 1676 neque
264 1593 421 1658 remisisse
443 1599 476 1657 et
497 1593 602 1674 quoad
624 1591 741 1656 bellum
762 1590 874 1676 fuisset
895 1590 929 1652 in
944 1606 1002 1652 sua
1015 1589 1176 1670 potestate
1191 1604 1262 1651 eum

138 1697 286 1762 habuisse
307 1699 403 1778 atque
426 1695 521 1759 etiam
544 1698 611 1784 tum
633 1698 763 1757 senatus
785 1693 946 1780 decretum
968 1690 1008 1754 de
1030 1708 1068 1754 eo
1091 1689 1263 1772 populique

137 1797 257 1862 iussum
279 1802 463 1880 exspectare
485 1797 567 1877 (12,
590 1797 620 1878 53
643 1797 673 1873 4,
699 1797 795 1874 1-2)
819 1793 846 1880 ).
891 1793 978 1856 Haec
1006 1793 1112 1856 omnia
1137 1795 1262 1870 tantum

139 1901 230 1964 abest
252 1903 288 1963 ut
308 1899 347 1961 iis
369 1901 544 1985 repugnent
566 1913 646 1976 quae
675 1883 714 1958 de
738 1893 773 1957 O.
795 1887 935 1957 Antonio
960 1911 1066 1957 rerum
1093 1893 1263 1973 scriptores

139 1999 309 2066 memoriae
331 1997 547 2078 prodiderunt,
582 1998 618 2060 ut
641 2013 722 2076 quae
749 1995 782 2058 hi
802 1994 912 2075 paucis
939 1994 1192 2075 perstrinxerunt
1213 1993 1262 2057 his

139 2101 281 2184 epistolis
303 2099 464 2180 aptissime
487 2097 605 2180 expleri
632 2096 842 2178 explicarique
867 2093 1164 2178 posse-rideantur.
1208 2093 1263 2158 Cir

139 2204 224 2268 erut.
251 2181 341 2266 erut.
369 2219 395 2264 c.
425 2200 483 2276 aa
510 2198 645 2280 Appias.
673 2196 722 2264 111
750 2198 801 2276 ra
828 2169 922 2262 ilion.
951 2193 1038 2260 cass.
1066 2195 1184 2260 xnvn
1210 2197 1263 2274 m,

140 2307 181 2370 23
198 2299 247 2370 24·
261 2301 349 2386 pr.³).

158 2485 161 2492 Ι
242 2405 260 2484 §
293 2406 323 2467 6.
366 2404 403 2468 In
437 2407 578 2466 extrema
610 2401 675 2466 hac
707 2400 842 2484 epistola
874 2399 984 2464 Cicero
1017 2401 1132 2464 itermn
1165 2397 1263 2464 lilium

139 2506 239 2569 Bruto
262 2497 429 2583 diligenter
452 2503 660 2578 commendat,
679 2501 763 2590 quod
774 2503 807 2566 in
823 2493 967 2583 proxima
983 2491 1119 2586 epistola
1135 2500 1263 2580 fecerat.

139 2607 208 2670 Hac
231 2604 503 2670 commendatione
525 2608 596 2667 tota
618 2605 752 2686 epistola
779 2595 967 2668 amicissime
994 2609 1028 2668 et
1054 2601 1264 2685 placidissime

139 2708 181 2772 ad
202 2706 296 2772 finem
318 2704 500 2787 perducitur
512 2704 549 2785 ⁴).

244 2896 268 2966 ¹)
286 2893 332 2948 Cir
350 2897 413 2947 ante
431 2911 457 2962 p.
477 2894 517 2947 75.
605 2957 608 2972 Ι
939 2953 941 2960 ‚

242 2981 266 3047 2)
285 2961 344 3034 lice
363 2971 554 3034 Manutius‘et
570 2973 703 3048 Meyerus'
717 2967 814 3050 p'arunr
833 2961 1144 3034 atitildrsei'vlntitir.

243 3068 267 3133 3)
285 3063 376 3132 Quare
395 3056 739 3118 Drumannui'lunsttllo
758 3057 871 3118 cutttr'e
894 3079 961 3117 usus
979 3063 1048 3119 heec
1067 3051 1171 3116 temere
1189 3052 1263 3116 vlie'*

140 3152 192 3204 tur'
205 3149 359 3204 iudicasse:
377 3149 495 3203 «welche
513 3141 667 3204 Verstosse‘
686 3149 775 3218 g'e'gen
797 3148 843 3203 die
868 3139 1038 3204 serenicum
1057 3147 1118 3202 sich
1140 3145 1213 3201 such
1234 3148 1265 3201 in
1280 3177 1293 3190 v

140 3235 307 3302 Beaiehung
325 3235 376 3288 ani
391 3236 419 3289 G.
439 3235 579 3288 Antonius
596 3235 626 3288 in
645 3233 700 3288 den
719 3235 997 3303 untergeschobpnen
1015 3233 1129 3288 Brieleu
1148 3231 1185 3286 erl
1196 3233 1266 3288 Bru·

140 3326 197 3374 tum
211 3317 313 3383 finden,
332 3319 380 3372 het
398 3318 525 3372 Tunstall
543 3319 753 3386 nachgewiesen
772 3319 884 3388 (Gesclr.
903 3317 994 3372 Rome.
1008 3319 1057 3387 Ip.
1071 3318 1122 3371 526
1135 3317 1197 3372 adn.
1211 3316 1264 3385 17).

243 3405 267 3470 ⁴)
286 3403 342 3456 lam
362 3403 386 3456 si
406 3403 486 3456 nobis
505 3388 662 3472 contigerit,
681 3409 712 3455 ut
731 3383 933 3470 sententiatum
952 3387 1149 3456 nexum'huius
1162 3379 1265 3472 episto-

140 3491 184 3542 lae
204 3484 281 3541 iust'e'
296 3476 506 3556 e'xplicerei'nu's,
525 3481 580 3540 n¹or¹r
599 3471 766 3552 dub'itsmus,
784 3481 852 3557 quin
872 3475 936 3542 aliis
955 3479 1072 3556 quo‘que,
1088 3489 1117 3526 -'
1132 3473 1204 3555 qlod
1218 3475 1265 3539 no-

140 3571 185 3626 bis
216 3568 329 3640 quidem
363 3569 530 3640 persuasuitl'
555 3575 597 3626 est
619 3601 668 3636 -‚
704 3567 813 3641 pnru'm*
830 3589 895 3626 eurr
927 3564 1110 3642 persptilsse'
1141 3569 1267 3626 udettt'r

142 3656 317 3722 Schuetzlus,
337 3660 382 3726 qui
402 3658 436 3711 cle
454 3657 506 3712 hac
526 3657 644 3726 epistola
662 3657 705 3711 sic
719 3657 828 3711 iurlic'et
843 3658 925 3726 (prot
945 3669 971 3726 p.
983 3655 1098 3726 LlllV):
1116 3655 1266 3711 «etsi'irnec

141 3743 263 3812 septime
279 3743 397 3814 secundi
414 3759 475 3812 epp.
498 3743 533 3796 ad
557 3743 671 3798 Brutrmr
696 3742 762 3798 libri
787 3743 906 3812 epistola
928 3760 983 3798 non
1005 3743 1069 3797 istis
1093 3742 1266 3811 argumentis

142 3830 243 3896 quibus
270 3829 431 3882 Tunstellus
459 3843 526 3882 usus
555 3834 607 3894 cst¹
621 3827 715 3885 νοθείας
738 3828 865 3882 convinci
888 3833 987 3898 potest,
1009 3832 1068 3881 tota
1089 3832 1180 3880 tamen
1205 3826 1266 3881 eius

141 3913 306 3980 compositio
329 3930 442 3980 prorsus
471 3930 487 3967 a
514 3914 658 3968 Ciceronis
686 3913 828 3982 elegantia
855 3914 994 3979 abhorret,
1020 3918 1052 3966 ut
1078 3927 1138 3967 eam
1165 3913 1266 3966 ceteris

141 3999 214 4053 felso
233 3998 284 4050 sub
303 3998 447 4052 Ciceronis
466 4001 577 4054 nornine
601 3998 721 4056 venditio
740 4011 922 4054 annumerare
946 3998 1213 4074 quindenarius».
1239 4026 1264 4033 -

141 4083 189 4136 Gir
202 4098 276 4222 )quae
296 4081 330 4136 (le
349 4082 401 4136 hec
420 4085 541 4150 epistola
559 4087 736 4140 Hermannus
756 4084 909 4159 disputavit
926 4085 996 4153 (Zur
1014 4083 1122 4140 Rechts.
1142 4083 1168 4138 ll
1187 4083 1264 4151 p‘t‘il

141 4168 221 4226 sqq..
