3082 4856
1188 289 1232 356 35

145 479 229 562 (Aac.
250 477 315 544 VH
335 479 388 557 26,
411 477 456 559 3),
479 477 564 559 apud
587 475 757 542 Caesarem
778 477 885 555 semel,
908 477 993 560 apud
1012 477 1135 544 Livium
1150 478 1209 559 bis,
1226 497 1274 546 sc·

147 581 209 645 mel
229 580 316 662 apud
343 579 489 644 Tacitum
516 585 549 644 et
577 578 739 644 Senecam.
782 577 929 660 Denique
955 578 1113 660 singulare
1140 580 1201 646 hoc
1228 583 1275 646 di·

149 682 237 748 cendi
258 701 359 764 genus
381 700 487 748 noune
513 681 620 764 potius
641 682 703 764 ipsi
731 680 875 746 Ciceroni
901 682 1001 748 multa
1027 683 1160 748 novanti
1180 702 1275 766 quam

145 785 334 870 ,imitatori“
357 784 464 850 nescio
487 785 538 849 cui
561 783 739 867 ,Ciceronis
753 784 793 848 ab
810 785 939 866 eiusque
955 789 1061 850 aetate
1074 785 1160 851 haud
1182 788 1277 870 longe

142 887 286 954 remoto“
303 887 327 970 ¹)
350 887 554 954 tribuendum
578 888 646 952 est?
669 923 710 934 -
733 905 805 968 quo
829 905 872 952 ex
899 891 1072 969 ternpore
1095 896 1277 972 suscepta

141 994 235 1056 sunt
258 990 313 1074 [ut
336 989 572 1072 agerentur]:
599 989 633 1054 in
655 989 705 1053 his
731 990 850 1071 aliquid
873 990 962 1054 nimii
982 990 1084 1055 inesse
1106 991 1275 1076 Meyeror)

143 1092 384 1158 concedendum
405 1092 541 1171 videtur,
563 1109 665 1173 neque
687 1097 794 1157 tamen
808 1093 864 1157 illa
879 1085 1116 1173 quaehxtrema
1130 1099 1204 1158 sunt
1222 1101 1277 1173 „ut

142 1194 332 1277 agerentur
354 1194 467 1275 putida
488 1192 609 1259 falsarii
630 1194 794 1275 diligentia
816 1194 926 1259 addita
946 1195 1003 1259 sed
1020 1195 1182 1261 ahhrario
1198 1215 1276 1278 quo-

143 1299 228 1378 dam,
264 1304 301 1362 ut
333 1295 380 1377 fit,
412 1296 579 1377 supposita
610 1315 679 1364 esse
711 1296 965 1362 existimaverim.
1009 1296 1122 1378 Itaque
1149 1299 1273 1379 seclusi,

142 1401 231 1466 uelut
253 1397 330 1464 iam.
352 1399 383 1464 Χ
403 1399 434 1476 4,
458 1400 479 1463 4
501 1416 540 1463 ex
561 1398 626 1464 his:
650 1417 736 1482 ,sum
750 1399 785 1465 iu
806 1399 1043 1482 exspectatione
1065 1401 1205 1466 omnium
1226 1419 1275 1466 re

142 1521 214 1568 rum
242 1501 320 1583 quid
346 1501 380 1566 in
408 1499 512 1566 Gadis
538 1500 693 1582 citeriore,
722 1501 797 1583 quid
823 1501 856 1566 in
883 1501 962 1566 urbe
989 1519 1097 1568 meuse
1123 1502 1275 1569 Ianuario

148 1610 276 1685 geratur
298 1610 335 1669 ut
356 1604 470 1669 sciam“
498 1603 577 1668 hacc
599 1603 744 1686 proxima
769 1610 822 1686 ,ut
849 1604 963 1670 sciam“
985 1604 1027 1668 ab
1049 1605 1197 1671 Ernestio
1219 1606 1273 1672 de·
1306 1663 1308 1670 .

150 1707 213 1772 leta
232 1726 252 1772 a
272 1707 403 1772 Baitero
423 1706 515 1772 uncis
530 1707 653 1772 inclusa
666 1711 750 1771 sunt.
787 1706 837 1770 De
853 1707 1093 1788 suscipiendi
1108 1707 1204 1772 verbo
1228 1708 1275 1774 cir

151 1809 354 1889 Phil.v32;
377 1809 424 1875 VI
450 1811 481 1888 23
503 1809 533 1874 X
557 1810 606 1888 14,
634 1809 687 1889 203
714 1808 789 1874 XIV
819 1810 869 1874 17.
892 1845 933 1858 -
955 1810 1113 1874 tardata
1140 1816 1276 1892 etpro-

152 1913 380 1978 crastinata:
409 1911 493 1984 Phil.
519 1911 566 1978 VI
597 1913 614 1976 7
644 1929 733 1992 ,cum
760 1912 919 1994 plerisque
944 1913 978 1976 in
1005 1913 1100 1977 rebus
1127 1915 1273 1994 gerendis

152 2015 317 2079 tarditas
345 2019 383 2079 et
410 2015 720 2095 procrastinatio
749 2014 860 2080 odiosa
887 2021 945 2093 est,
972 2019 1041 2080 tum
1067 2015 1127 2080 hoc
1156 2015 1273 2082 bellum

157 2117 275 2196 indiget
298 2116 493 2182 celeritatis“.
516 2117 724 2182 -bellum
750 2117 824 2182 iarn
852 2116 1000 2180 nullum
1026 2116 1273 2186 haberemus:

161 2217 267 2284 iisdem
287 2219 386 2284 verbis
409 2218 519 2284 Cicero
541 2219 642 2284 utitur
663 2219 745 2283 Phil.
768 2218 817 2284 III
839 2219 869 2297 23
891 2217 921 2284 V
943 2219 995 2297 30,
1017 2213 1069 2285 ts.

254 2337 272 2422 ἕ
292 2339 322 2403 2.
366 2339 501 2403 Brute:
522 2338 556 2402 in
576 2337 755 2419 frequentia
770 2337 998 2404 allocutionum
1013 2356 1095 2420 quae
1108 2339 1142 2403 in
1158 2341 1275 2422 episto

152 2441 191 2505 lis
210 2441 351 2506 Brutinis
372 2441 575 2506 inveniuntur
601 2441 762 2506 Becherus
773 2438 800 2524 ³)
828 2441 968 2506 offendit.
1012 2442 1185 2524 Postquam
1207 2444 1276 2530 ipse

153 2561 258 2610 carum
279 2545 466 2626 plerumque
488 2563 673 2627 ,numerum
701 2561 759 2627 pro
787 2545 945 2610 amicitiae
966 2547 1199 2612 necessitudine
1220 2554 1277 2614 aut

152 2647 258 2728 augeri
277 2652 336 2712 aut
352 2647 512 2712 imminui‘
534 2647 656 2726 statuit,
679 2647 741 2712 hoc
761 2648 898 2712 mammo
918 2648 1097 2714 iuuandum
1119 2667 1187 2714 esse
1208 2669 1276 2716 mo·

149 2757 212 2829 net,
236 2768 308 2814 cum
331 2768 404 2832 ,per
426 2754 530 2815 totum
555 2749 704 2814 volumen
732 2751 938 2832 epistolarum
960 2751 1001 2816 ad
1023 2751 1164 2817 Atticum
1185 2753 1276 2819 data·

147 2873 217 2918 rum
239 2853 353 2934 viginti
375 2853 456 2918 duae
478 2853 686 2918 allocutiones
708 2853 870 2934 dispersae
897 2852 988 2932 sint“,
1010 2855 1045 2918 in
1066 2855 1115 2920 his
1136 2856 1278 2922 Brutinis

148 2957 291 3039 epistolis
312 2974 378 3021 non
397 2956 502 3020 minus
523 2956 655 3038 triginta
676 2959 809 3022 exstare.
842 2957 886 3021 At
908 2957 1001 3036 longe
1022 2957 1095 3036 alia,
1118 2959 1151 3021 ni
1171 2958 1275 3040 fallor,

151 3059 377 3124 allocutionum
397 3059 524 3122 illarum
544 3058 627 3123 ratio
650 3063 708 3137 est,
730 3076 804 3122 nam
820 3062 854 3123 et
871 3058 912 3123 ad
928 3058 1073 3124 homines
1086 3064 1122 3124 ‘et
1138 3060 1179 3124 ad
1194 3065 1275 3127 tem·

151 3179 226 3243 pora
249 3167 282 3226 et
304 3161 418 3226 adres
440 3161 480 3226 dc
504 3161 619 3242 quihus
644 3166 754 3242 ageret
775 3160 885 3226 Cicero
912 3179 1004 3226 usum
1026 3179 1135 3226 earum
1156 3162 1203 3226 ita
1224 3181 1276 3227 ac-

149 3264 367 3330 commodasse
387 3264 524 3343 uidetur,
546 3267 583 3328 ut
605 3269 638 3328 et
664 3282 727 3345 quo
749 3265 871 3330 maiora
896 3281 1022 3345 quoque
1044 3269 1187 3346 tempore
1209 3265 1275 3348 epi·

146 3370 240 3434 stolis
261 3369 432 3449 impetrare
453 3367 550 3432 vellet
572 3372 604 3430 et
626 3384 688 3449 quo
703 3367 805 3447 magis
827 3383 982 3448 quemque
997 3367 1059 3431 illis
1080 3367 1276 3434 familiarita-

144 3473 185 3538 tis
213 3468 500 3552 significationibus
527 3469 588 3534 sihi
610 3469 852 3534 conciliaturum
874 3487 943 3535 ease
970 3476 1121 3552 speraret,
1150 3489 1187 3536 eo
1210 3489 1276 3536 cre·

142 3576 238 3641 brius
267 3592 321 3638 eas
348 3572 524 3638 adhiberet.
568 3572 662 3650 Quod
686 3578 723 3637 ut
749 3572 986 3651 contendamus,
1013 3573 1063 3638 his
1090 3574 1277 3639 adducimur

142 3677 314 3758 exemphs:

254 3933 277 4000 ¹)
304 3932 351 3986 cfr
378 3932 560 4001 Wesenberg.
595 3931 815 3986 Emendatioues
842 3932 947 3986 alterae
971 3949 997 4001 p.
1023 3931 1081 3985 144.
1109 3961 1141 3971 -
1168 3933 1274 4004 Meyer.

142 4021 161 4074 ι
182 4019 398 4174 οΪΡἈξῬΣἿξῘ
418 4104 475 4158 110.

251 4192 275 4258 ³)
293 4190 311 4244 l.
330 4205 352 4244 c.
370 4206 396 4259 p.
415 4190 449 4244 14
469 4205 508 4258 sq.
