3082 4856
1154 267 1196 332 49

225 450 242 534 §
264 453 295 518 2.
338 451 449 516 Cicero
476 468 547 518 oum
573 452 656 518 hanc
677 452 843 535 epistolem
870 453 976 533 dabat,
1004 469 1061 520 auo
1087 454 1156 520 iuna
1176 454 1238 520 iam

126 553 262 620 scribere
277 559 403 639 poterat
424 555 464 620 D.
482 553 573 620 Bruti
588 554 747 620 somonam
764 573 955 638 cansamque
970 556 1125 622 bonorum
1142 555 1175 622 in
1186 569 1240 622 cr·

123 662 257 722 tremum
277 656 446 723 adductam
469 674 538 722 csse
557 657 727 722 discrimen
754 663 786 722 et
812 675 900 740 spem
927 673 1052 724 omnem
1079 659 1239 723 timorem·

122 776 182 840 que
204 741 298 824 reims
319 758 361 822 ad
386 757 542 826 Mutinam
567 759 631 824 iam
646 759 771 840 iamque
786 760 931 840 gerendis
952 759 1115 839 contineri,
1136 776 1239 840 neone

121 861 205 926 enim
227 861 362 942 amplius
381 866 530 944 ,quatuos
540 865 612 942 post
634 861 745 926 diebus
760 863 912 943 proelium
929 862 1013 943 apud
1030 862 1148 928 Forum
1164 859 1239 927 eor-

121 965 224 1028 lorum
244 961 363 1028 factum
383 966 434 1028 est
449 963 482 1044 ¹).
525 962 610 1041 Quid
637 967 742 1028 autem
769 981 881 1029 causae
908 964 1064 1042 habuerit,
1086 981 1142 1028 cur
1163 968 1240 1029 tunc

120 1065 306 1148 praesertim
342 1065 382 1130 de
413 1066 520 1130 Bruto
547 1065 764 1150 ,vehementer
794 1067 946 1147 timeret“‚
978 1065 1144 1132 diiudicari
1175 1083 1238 1130 non

120 1172 237 1250 potest.
280 1168 439 1246 Quantum
461 1173 568 1234 autem
587 1169 662 1234 falsi
681 1169 784 1234 nuntii
805 1169 838 1234 in
859 1169 914 1234 illa
931 1169 1070 1236 omnium
1087 1167 1238 1234 sollicitu-

121 1270 193 1362 dine
215 1271 324 1352 paucis
345 1270 440 1336 etium
461 1270 548 1334 horis
570 1275 644 1336 ante
670 1271 848 1352 praeclaros
874 1271 1024 1336 victoriae
1045 1270 1172 1336 nuntios
1194 1269 1239 1334 ef-

120 1371 216 1438 ficere
236 1373 408 1454 potuerint,
429 1372 497 1454 ipse
514 1371 595 1438 Phil.
616 1372 692 1440 XIV
716 1374 755 1439 15
776 1390 834 1438 nos
857 1373 958 1438 docet.

223 1475 241 1558 5
263 1476 294 1540 3.
325 1475 417 1540 Duae
437 1475 470 1538 in
492 1474 552 1540 hae
573 1475 725 1557 epistolae
740 1479 831 1557 parte
847 1475 1047 1557 quaestiones
1060 1479 1238 1553 occurrunt,

121 1579 221 1644 altera
248 1576 286 1640 de
299 1575 458 1643 Ciceronis
477 1594 547 1642 cum
571 1576 702 1642 Servilio
720 1576 931 1657 contentione,
954 1577 1055 1642 altera
1071 1575 1110 1640 de
1125 1576 1239 1642 littaris

123 1679 260 1758 Lentuli3
283 1695 364 1760 quae
398 1679 459 1744 etsi
491 1679 524 1744 in
546 1679 680 1763 epistola
702 1679 887 1744 coniunctae
909 1683 992 1758 sunt,
1019 1679 1112 1744 nobis
1133 1685 1239 1744 tamen

124 1781 290 1864 separatim
312 1786 387 1846 sunt
407 1781 601 1848 tractandae.

222 1884 310 1962 Quae
336 1883 388 1948 hic
416 1883 527 1950 Cicero
554 1884 594 1948 de
621 1885 823 1950 contentione
850 1884 983 1964 quadam
1012 1886 1130 1962 namet,
1158 1901 1239 1965 quae

129 1985 180 2050 sibi
201 2003 259 2072 pro
275 1985 386 2050 Planci
400 1985 555 2066 dignitate
571 1986 604 2050 in
626 1991 739 2050 senatu
753 1986 850 2051 fuerit
872 2004 943 2052 cnm
969 1987 1005 2052 P.
1023 1985 1166 2065 Servilio,
1193 1986 1240 2050 ito

131 2088 214 2166 plane
234 2105 304 2152 cum
325 2087 365 2152 iis
387 2087 588 2154 consentiunt
609 2105 688 2168 quae
710 2087 750 2152 de
771 2087 881 2152 eadem
902 2106 938 2153 re
959 2089 1123 2170 adipsum
1144 2087 1239 2152 Plen-

135 2206 197 2254 cum
217 2190 322 2256 scribit
344 2191 399 2274 (ad
419 2189 540 2256 famx
561 2191 610 2269 12,
626 2190 720 2272 3-4),
747 2196 784 2254 ut
804 2190 897 2256 facile
911 2192 1029 2258 sentias
1050 2209 1115 2257 non
1136 2191 1237 2256 solum

133 2291 165 2355 ab
186 2293 293 2360 eodem
314 2293 442 2358 homine
468 2292 642 2358 sedetiam
670 2293 781 2358 eodem
803 2311 932 2375 prorsus
955 2301 1096 2376 tempore
1118 2298 1237 2383 utram5

128 2411 180 2474 que
202 2395 368 2478 epistolam
383 2413 452 2460 esse
466 2395 625 2477 scriptam.
660 2394 761 2472 Quom
778 2401 924 2462 accurate
940 2397 1074 2477 singula,
1094 2412 1176 2476 quae
1196 2393 1237 2459 ad

125 2497 219 2578 ipsam
242 2499 475 2564 contentionem
498 2499 687 2582 pertineant,
721 2499 805 2564 inter
837 2518 871 2566 se
899 2499 1096 2577 conveniunt,
1117 2502 1149 2562 et
1176 2496 1237 2562 Oo-

125 2599 244 2686 betus2)
268 2607 301 2666 et
316 2599 497 2684 Meyerusl)
519 2602 583 2666 iam
605 2599 815 2683 explicamus
836 2607 910 2666 sunt
925 2607 1031 2668 autem
1045 2601 1079 2668 in
1098 2600 1157 2665 hac
1172 2600 1237 2682 epi-

123 2705 200 2770 stola
215 2705 371 2786 quaedam
392 2703 509 2782 addita,
532 2704 566 2768 in
586 2703 641 2768 illa
663 2704 787 2784 desunt,
810 2722 892 2784 quae
912 2705 1060 2785 quoniam
1080 2703 1154 2768 huic
1168 2703 1235 2766 viro

123 2805 213 2870 docto
241 2823 352 2870 ansam
379 2806 535 2870 dederunt
559 2805 808 2886 vituperationis,
841 2807 949 2887 paucis
982 2806 1165 2887 explicanda
1191 2805 1237 2870 vi·

121 2907 244 2975 dentur.
287 2909 339 2974 Ad
359 2909 511 2974 Plancum
533 2906 642 2974 Cicero
670 2908 748 2973 nihil
775 2907 814 2972 de
842 2908 973 2972 Servilio
1000 2908 1119 2986 scribit,
1152 2907 1236 2988 quod

120 3029 181 3078 non
210 3011 378 3094 adipeam
406 3011 639 3077 contentionem
665 3011 832 3092 pertinent,
865 3010 925 3076 nisi
957 3010 1034 3074 hoc:
1067 3010 1139 3090 ,qui
1165 3026 1236 3076 cum

119 3115 222 3194 gratia
244 3113 407 3192 effecisset,
424 3119 460 3176 ut
487 3131 547 3178 sua
572 3113 730 3180 sententia
757 3113 861 3195 prima
886 3109 1170 3193 pronuntiaretur“,
1203 3111 1236 3175 in

119 3217 175 3284 hac
199 3234 274 3282 uero
297 3216 337 3282 de
359 3235 422 3298 qua
443 3216 564 3298 aomos
586 3217 720 3298 epistola
740 3216 835 3296 paulo
856 3215 946 3297 plura
968 3214 1006 3280 de
1027 3232 1064 3278 eo
1081 3212 1234 3295 queritur:

119 3337 150 3384 se
183 3337 257 3386 cum
289 3319 415 3386 homine
446 3318 566 3384 furioso
600 3319 676 3384 satis
713 3318 830 3386 habere
857 3319 984 3400 negotii,
1029 3335 1122 3398 quem
1166 3333 1237 3380 eum

119 3423 213 3489 nimis
234 3423 296 3486 iam
319 3421 374 3486 din
394 3422 441 3486 rei
463 3421 607 3503 publicae
628 3439 723 3487 carrea
749 3421 865 3501 tulerit,
899 3439 940 3486 ne
966 3420 1098 3504 perditis
1118 3417 1236 3484 civibus

118 3556 217 3614 levites
234 3556 477 3624 inconstantiaque
495 3555 602 3624 Lepidi,
621 3556 695 3610 sicut
716 3560 780 3608 ante
794 3554 924 3620 vidimus,
937 3569 1025 3622 paene
1048 3555 1078 3606 in
1096 3553 1236 3623 proverbii

119 3641 351 3696 consuetudinem
368 3646 489 3695 venerat.
525 3641 675 3695 Praeterea
695 3641 773 3694 inter
793 3641 911 3695 «scelus»
933 3639 1033 3708 Lepidi
1057 3644 1085 3692 et
1103 3639 1236 3692 «animum

118 3727 392 3796 semperinimlcnm
414 3727 457 3780 rei
479 3725 623 3795 pullione»
645 3740 703 3779 non
725 3725 816 3779 minos
837 3726 955 3780 interest
975 3740 1057 3793 quem
1078 3725 1152 3780 inter
1174 3739 1236 3779 eum

119 3814 170 3880 qui
187 3827 299 3868 carneam
316 3811 452 3866 bonorum
469 3812 528 3868 iam
545 3809 669 3880 prodidit
686 3815 715 3863 et
741 3825 805 3864 eum
832 3811 879 3878 qui
901 3811 935 3864 ab
953 3809 1053 3864 eadem·
1068 3825 1098 3864 se
1116 3808 1236 3878 plerum-

119 3913 174 3964 que
192 3899 315 3952 alienum
332 3897 467 3964 praebuit

223 3983 245 4050 ¹)
263 3981 315 4050 Ep.
334 3981 370 4035 ad
388 3980 451 4035 fam.
470 3981 496 4033 X
512 3982 554 4047 30,
573 3982 596 4034 1.

222 4068 248 4136 ²)
266 4065 284 4120 1.
302 4082 326 4120 c.
344 4082 370 4136 p.
388 4067 440 4120 294
458 4081 497 4134 sq.

223 4155 247 4223 ³)
266 4151 283 4207 1.
303 4169 325 4206 c.
343 4169 370 4221 p.
389 4153 429 4205 14.
