3082 4856
312 297 355 368 42

268 481 403 572 putabat
441 491 526 572 quod
558 509 587 556 a.
627 491 658 556 d.
691 491 754 557 VII
791 491 840 555 Id.
879 491 955 571 Apr.
991 490 1035 574 (d.
1069 491 1088 556 7
1126 509 1169 555 m.
1207 491 1297 574 Apr.)
1336 491 1408 556 Ro·

268 609 352 657 mam
373 599 583 673 pervenerant
605 593 778 676 eodemque
800 593 852 658 die
879 593 912 656 in
941 597 1054 658 senatu
1081 592 1233 658 recitatae
1255 593 1408 676 erant1).

372 695 442 774 Quo
465 701 572 761 autem
592 696 708 760 laetior
723 695 785 760 fuit
805 695 915 760 Planci
931 695 1137 760 commutatio
1159 695 1346 774 veluntatis,
1365 712 1407 760 eo

268 796 431 862 molestius
453 799 528 864 tulit
551 797 661 864 Cicero
684 799 848 882 Lepidum,
872 797 926 880 qui
947 799 1025 864 item
1051 799 1085 862 in
1113 797 1217 864 Gallia
1247 817 1318 863 cum
1341 798 1407 862 im·

268 901 357 986 perio
381 906 465 967 esset
487 906 520 966 et
540 902 617 967 item
639 902 745 983 priore
766 901 821 965 illo
844 905 988 982 tempore
1014 901 1138 966 litteras
1165 899 1406 982 purificatorias

270 1002 311 1067 ad
333 1008 478 1067 senatum
505 1003 652 1083 misisset,
681 1008 754 1087 post
781 1003 814 1067 id
841 1008 966 1085 tempus
993 1003 1112 1068 nullam
1138 1003 1253 1068 mutati
1275 1002 1406 1067 consilii

270 1103 531 1186 significationem
563 1107 684 1172 fecisse.
728 1107 777 1172 De
810 1124 873 1188 quo
912 1111 1083 1188 antequam
1121 1106 1273 1172 iudicium
1304 1123 1404 1169 suum

269 1209 414 1274 acerbius
446 1209 622 1292 depromat,
661 1209 751 1291 quasi
790 1209 961 1273 excusandi
991 1226 1087 1273 causa
1119 1226 1191 1274 eum
1223 1208 1403 1272 secundum

268 1311 400 1376 fratrem
432 1311 468 1376 L.
500 1313 669 1378 Aemilium
701 1312 835 1379 Paulum
868 1309 980 1376 aflines
1007 1329 1081 1376 suos
1107 1311 1128 1377 i.
1156 1329 1183 1376 e.
1216 1311 1321 1392 ipsum
1355 1309 1402 1376 M.

268 1413 404 1480 Brutum
425 1419 458 1480 et
480 1413 624 1480 Cassium
646 1415 783 1480 maxime
810 1413 915 1479 odisse
935 1419 1054 1480 monet.
1099 1414 1229 1478 Fratres
1255 1413 1342 1478 inter
1366 1431 1401 1477 se

270 1517 454 1584 dissensisse
475 1518 540 1582 iam
562 1536 601 1583 ex
622 1519 661 1582 iis
688 1522 822 1600 apparet
844 1535 924 1598 quae
950 1517 985 1580 in
1014 1517 1159 1597 epistolis
1186 1515 1228 1580 ad
1256 1515 1400 1580 Atticum

269 1618 344 1684 XIV
368 1621 397 1698 l,
423 1622 438 1684 1
469 1625 502 1684 et
529 1621 600 1699 8,1
628 1617 855 1700 significantur,
883 1624 978 1699 atque
1008 1619 1117 1683 odium
1145 1637 1255 1684 eorum
1282 1635 1320 1683 eo
1348 1618 1398 1683 vel

158 1717 160 1722 ’
269 1720 405 1786 maxime
435 1721 601 1800 indicatur,
629 1720 715 1802 quod
741 1720 860 1784 Paulus
886 1739 924 1786 ex
951 1737 1060 1784 eorum
1087 1725 1157 1786 erat
1183 1737 1316 1784 numero
1345 1719 1395 1802 qui

270 1823 379 1905 paucis
401 1823 561 1888 mensibus
582 1829 656 1906 post
677 1823 759 1888 hanc
775 1823 939 1904 epistolam
956 1823 1104 1905 scriptam
1122 1823 1183 1906 (pr.
1198 1822 1239 1887 K.
1255 1820 1388 1901 Quinct)

270 1925 424 2009 Lepidum
447 1927 570 1992 hostem
592 1927 781 2006 iudicarunt,
805 1932 900 2008 atque
921 1926 989 2006 ipse
1012 1926 1123 1989 eodem
1146 1943 1265 1989 annea
1287 1925 1385 1989 trium-

270 2029 345 2094 viris
367 2030 415 2094 rei
436 2048 466 2110 p.
485 2048 511 2094 c.
527 2031 723 2113 proscriptus
746 2048 817 2094 cum
839 2028 882 2093 ad
903 2028 946 2092 M.
970 2029 1106 2094 Brutum
1121 2027 1292 2107 effurgisset,
1308 2045 1387 2091 num·

271 2149 366 2213 quam
398 2132 532 2198 Romam
564 2133 660 2198 rediit
670 2132 709 2215 ²).
753 2131 802 2197 Ab
836 2130 984 2198 affinibus
1017 2149 1092 2198 vero
1119 2131 1259 2196 animum
1286 2129 1394 2212 Lepidi
1506 2147 1507 2226 ,

269 2233 408 2300 alienum
429 2235 527 2300 luisse
548 2235 626 2300 satis
654 2239 779 2300 constat
789 2234 826 2314 ³).
870 2234 950 2300 Tum
979 2233 1066 2315 quod
1092 2234 1212 2317 Lepido
1235 2233 1395 2300 levitatem

270 2341 303 2402 et
324 2338 569 2402 inconstantiam
591 2338 716 2404 crimini
737 2338 803 2416 dat,
827 2338 952 2418 saepius
975 2336 1053 2402 haec
1068 2337 1146 2402 vitia
1162 2337 1191 2400 ei
1207 2335 1395 2416 obiciuntur,

268 2441 356 2505 velut
376 2441 451 2506 fam.
473 2440 504 2505 X
525 2442 577 2520 20,
603 2444 630 2519 1,
655 2442 686 2520 33
708 2443 760 2519 21,
786 2444 814 2520 1;
843 2440 890 2506 XI
912 2440 941 2518 9,
972 2439 1396 2520 1;X118‚1;10‚1‚de-

269 2542 364 2622 nique
386 2544 428 2607 ad
448 2543 583 2608 Brutum
605 2543 623 2607 I
646 2545 695 2623 10,
718 2545 749 2608 2:
774 2543 962 2626 ,datumque
988 2541 1109 2624 Lepido
1137 2548 1262 2624 tempus
1283 2547 1343 2620 est,
1365 2541 1397 2606 in

272 2662 334 2726 quc
358 2645 558 2710 levitatem
579 2646 661 2710 eius
684 2662 799 2725 saepe
820 2650 1067 2726 perspectam
1088 2643 1261 2710 maioribus
1276 2644 1310 2708 in
1332 2662 1398 2709 ma·

269 2743 309 2810 lis
320 2747 560 2828 experiremur“,
573 2748 687 2830 quibus
697 2747 803 2814 verbis
814 2747 897 2812 hune
909 2765 1034 2830 queque
1049 2749 1154 2813 locum
1165 2747 1341 2829 respexisse
1352 2747 1397 2810 vi·

271 2847 373 2914 detur.
407 2849 506 2915 Addit
516 2857 623 2918 autem
634 2853 753 2918 crimen
765 2851 879 2935 ,animi
891 2869 1014 2933 semper
1028 2850 1148 2915 inimici
1162 2849 1209 2916 rei
1224 2849 1395 2932 publicae,

272 2951 356 3034 quod
380 2953 506 3034 quidem
527 2955 627 3038 ipsius
649 2956 745 3022 animi
767 2953 941 3020 acerbitate
963 2958 1092 3018 auctum
1108 2969 1177 3018 esse
1192 2951 1327 3030 videtur,
1342 2969 1397 3016 ne·

272 3073 332 3136 que
354 3060 462 3121 tamen
484 3056 598 3122 desunt
619 3058 734 3124 similia
761 3057 887 3135 iudicia,
911 3057 997 3122 velut
1025 3055 1146 3133 Cicero,
1170 3073 1233 3136 quc
1254 3060 1397 3137 tempere

270 3157 408 3239 primum
429 3159 513 3223 inter
535 3158 703 3224 Caesarem
726 3165 758 3224 et
779 3158 966 3241 Pompeium
987 3158 1105 3224 bellum
1128 3157 1254 3236 exarsit,
1278 3157 1320 3222 ad
1341 3157 1397 3221 At·

272 3260 371 3326 ticum
394 3261 506 3343 (1119,
528 3261 563 3344 3)
586 3262 626 3326 de
648 3261 769 3344 Lepide
792 3261 975 3342 scripserat:
1000 3262 1076 3343 ,iste
1099 3261 1239 3328 omniurn
1254 3261 1397 3342 turpissi-

270 3377 340 3426 mus
364 3368 396 3428 et
417 3363 662 3443 sordidissimus,
691 3365 745 3446 qui
773 3365 951 3430 consularia
978 3364 1106 3428 comitia
1133 3381 1153 3428 a
1178 3367 1326 3444 praetore
1352 3363 1397 3428 ait

270 3462 384 3528 haberi
403 3483 507 3548 posse,
530 3472 579 3532 est
600 3467 701 3532 idern
723 3467 788 3549 qui
810 3468 960 3550 semper
981 3468 1019 3532 in
1040 3486 1081 3532 re
1102 3465 1263 3550 publica
1284 3465 1395 3546 fuit“;

271 3579 374 3648 neque
396 3586 470 3634 vero
493 3575 567 3652 post
587 3570 621 3634 id
642 3575 768 3650 tempus
794 3569 840 3634 ita
866 3587 900 3636 se
926 3575 1068 3652 gesserat
1094 3568 1241 3650 Lepidus,
1268 3573 1305 3632 ut
1332 3569 1396 3634 ulle

270 3669 366 3736 modo
389 3672 511 3738 animos
534 3672 690 3738 honorum
712 3673 881 3755 mitigaret.
912 3674 1088 3740 ¹Accedunt
1114 3673 1154 3738 D.
1181 3671 1275 3738 Bruti
1296 3672 1337 3736 de
1359 3690 1396 3738 eo

272 3777 306 3837 et
326 3772 436 3840 Planci
456 3775 574 3841 iudicia
595 3776 628 3840 in
656 3777 788 3842 eandem
817 3777 913 3859 plane
939 3776 1128 3841 sententiam
1155 3775 1241 3841 lacta
1268 3774 1330 3859 (cfr
1356 3774 1398 3840 ad

270 3873 346 3940 lam.
368 3876 415 3942 XI
436 3879 466 3957 9,
488 3881 509 3944 2
531 3886 564 3944 et
584 3879 615 3944 X
635 3880 687 3959 23,
712 3879 755 3960 1).

271 3995 475 4010 -ι-ι--

376 4050 398 4118 1)
416 4048 451 4102 au
469 4049 532 4104 ram.
551 4050 577 4102 x
594 4049 635 4115 12,
653 4050 677 4104 a.

375 4133 399 4204 ²)
418 4133 465 4188 Cfr
484 4135 636 4189 Drumann.
654 4136 667 4189 I
685 4153 711 4205 p.
730 4136 747 4190 9
765 4151 805 4204 sq.
824 4165 856 4176 —
875 4135 1025 4192 Hermann.
1044 4137 1101 4192 Zur
1118 4135 1228 4193 Rechts.
1246 4137 1273 4192 II
1291 4154 1318 4206 p.
1337 4137 1377 4191 15.

375 4220 399 4288 ³)
417 4219 501 4275 Velut
519 4235 553 4275 ex
571 4237 614 4290 ep.
633 4221 668 4275 ad
685 4220 750 4276 lam.
769 4220 822 4276 XII
840 4221 864 4287 2,
882 4221 906 4275 2.
