3082 4856
315 252 354 316 18

270 443 377 514 tilitar
404 442 532 532 aliquid
559 445 693 516 senatui
719 446 884 517 suaserim
918 467 1019 536 quam
1055 448 1086 518 si
1111 446 1305 522 infideliter.
1353 454 1386 525 3.

270 561 357 632 Acta
382 583 469 651 quae
503 563 571 634 sint
603 585 757 655 quaeque
790 570 948 655 agantur,
982 567 1052 637 scio
1084 568 1250 656 perscribi
1283 571 1326 639 ad
1353 576 1388 643 te

269 680 468 775 diligentem
496 703 539 753 ex
566 704 620 754 me
647 691 761 755 autem
788 684 872 754 illud
901 688 953 755 est
979 686 1069 774 quod
1088 692 1122 757 te
1140 686 1241 757 velim
1258 687 1387 760 babere

273 802 458 890 cognitum,
485 823 598 873 meum
626 802 762 892 quidem
789 805 937 875 animum
964 805 999 873 in
1025 806 1096 876 acic
1114 825 1188 876 esse
1206 826 1315 894 neque
1333 826 1389 876 re·

269 926 421 1008 spectum
447 920 553 991 ullum
582 943 759 1016 quaerere,
793 923 860 994 nisi
887 944 941 994 me
969 922 1099 994 utilitas
1126 926 1272 996 civitatis
1299 923 1387 997 forte

268 1042 486 1110 converterit.
538 1039 685 1114 Maioris
723 1047 837 1113 autem
870 1042 981 1131 partis
1013 1044 1115 1114 animi
1147 1048 1182 1114 te
1215 1042 1388 1115 Cassium·

268 1180 333 1248 que
359 1161 562 1248 respiciunt:
592 1183 694 1250 quam
720 1162 764 1232 ob
790 1182 862 1232 rem
889 1163 939 1231 ita
964 1165 998 1232 te
1025 1183 1122 1251 para,
1141 1161 1260 1252 Brute,
1280 1168 1319 1234 ut
1335 1164 1388 1233 in-

266 1279 412 1368 tellegas
445 1285 516 1368 aut,
550 1282 579 1351 si
611 1281 677 1351 boc
708 1286 862 1369 tempore
896 1280 983 1351 bene
1015 1301 1072 1352 res
1105 1286 1202 1370 gesta
1235 1284 1290 1372 sit,
1325 1284 1387 1355 tibi

265 1398 442 1469 meliorem
469 1420 541 1469 rem
569 1399 740 1488 publicam
767 1421 842 1470 esse
868 1398 1058 1470 faciendam
1085 1406 1154 1491 aut,
1183 1403 1213 1472 si
1238 1403 1318 1491 quid
1337 1401 1387 1473 of-

266 1515 397 1588 fensum
425 1519 480 1607 sit,
507 1539 570 1606 per
596 1524 630 1588 te
658 1540 733 1590 esse
760 1519 902 1590 eandem
929 1521 1197 1607 recuperandam
1214 1519 1254 1612 ¹).

369 1681 392 1734 1.
408 1683 538 1750 publicam
555 1682 718 1737 Lambinus:
736 1700 787 1737 om.
807 1683 1004 1738 Cratander-
1018 1684 1065 1752 [at
1081 1678 1233 1754 operantur]
1247 1700 1265 1739 a
1280 1701 1324 1740 me
1345 1700 1388 1739 se·

266 1766 345 1820 clusa
364 1797 393 1805 -
413 1767 437 1820 2.
455 1777 514 1819 canet
530 1769 560 1818 in
577 1786 605 1820 oo
624 1783 686 1821 cum
703 1768 837 1822 Lambino
851 1767 1082 1836 Wesenbergius:
1100 1779 1160 1822 esset
1176 1788 1204 1822 eo
1224 1771 1307 1834 Orat,
1324 1771 1388 1823 Bai-

265 1858 349 1906 terus
370 1881 401 1890 —
419 1853 443 1907 3.
462 1855 491 1904 in
509 1856 562 1906 acie
579 1854 674 1907 Lemb.
693 1853 823 1922 Wesenb.
842 1854 925 1907 Bait:
943 1855 972 1904 in
991 1856 1069 1906 aciem
1082 1855 1155 1908 Crat.
1169 1884 1201 1894 -
1213 1856 1321 1907 motoria
1339 1873 1387 1906 aa·

265 1947 312 1990 tem
325 1940 410 2006 portia
427 1939 509 1990 animi
528 1939 650 1994 conieci:
668 1940 778 1991 maiores
795 1957 820 1991 a.
835 1948 924 2006 portas
941 1957 966 1989 a.
984 1939 1072 2007 vulgo,

366 2199 416 2263 De
437 2201 578 2278 tempore
599 2198 693 2261 huius
715 2199 867 2278 epistolae
889 2197 1023 2262 antehac
1046 2197 1083 2261 Ο.
1100 2198 1138 2261 Ε.
1156 2197 1384 2280 Schmidtiust)

268 2289 301 2365 et
322 2300 358 2363 P.
381 2297 564 2380 Meyerusss)
587 2299 836 2380 disputaverunt,
865 2316 999 2379 quorum
1026 2299 1107 2362 alter
1130 2300 1215 2363 iutra
1236 2300 1384 2381 tempoms

268 2402 413 2484 spatium,
427 2401 511 2482 quod
522 2401 605 2464 inter
616 2419 645 2463 a.
658 2400 688 2463 d.
700 2398 779 2465 XIII
790 2399 862 2464 Xal.
880 2400 956 2481 Apr.
969 2400 1014 2483 (d.
1026 2402 1068 2465 20
1079 2420 1120 2465 m.
1137 2401 1257 2480 Martii)
1271 2407 1303 2465 et
1314 2420 1342 2465 a.
1354 2401 1384 2467 d.

267 2502 679 2584 V11N0n.npr.(d.um.
702 2502 834 2584 ApriIIs)
856 2503 1026 2580 intercidit,
1050 2502 1130 2566 alter
1151 2520 1179 2567 a.
1202 2503 1233 2566 d.
1256 2503 1316 2568 XV
1336 2504 1387 2567 vel

267 2609 344 2672 XIV
364 2606 436 2670 Kal.
459 2605 535 2669 Mai.
558 2605 604 2688 (d.
629 2607 667 2670 17
690 2605 740 2668 vel
763 2605 802 2670 18
823 2623 866 2668 m.
888 2605 1022 2687 Aprilis)
1046 2606 1152 2669 datam
1173 2624 1241 2671 esse
1264 2608 1386 2671 statuit.

267 2711 378 2792 Itaque
400 2709 427 2773 si
447 2709 535 2773 illum
556 2707 725 2790 sequimur,
748 2706 826 2771 haec
847 2707 981 2790 epistola
1006 2713 1081 2771 ante
1102 2712 1220 2772 ceteras
1247 2709 1387 2773 eiusdem

266 2812 340 2877 libri
362 2811 511 2892 epistolas
532 2809 637 2892 posita
658 2827 749 2873 suum
765 2809 869 2873 locum
885 2813 918 2873 et
933 2808 1050 2872 iustum
1068 2809 1205 2888 obtinet;
1228 2809 1277 2872 sin
1292 2809 1385 2889 hunc,

267 2915 411 2996 negleota
435 2913 588 2977 librorum
615 2912 926 2992 manuscriptorum
956 2911 1109 2975 memoria
1134 2915 1293 2992 postrema
1320 2929 1386 2976 om-

266 3019 353 3082 nium
374 3017 467 3081 huius
488 3015 562 3079 libri
590 3014 795 3095 epIstolarum
820 3012 968 3076 habenda
997 3018 1055 3077 est.
1098 3013 1197 3077 Nobis
1223 3031 1298 3078 vero
1325 3014 1387 3079 hac

266 3121 386 3202 Meyeri
407 3118 564 3183 sententia
585 3153 625 3162 -
648 3120 684 3178 ut
706 3115 781 3195 quid
802 3115 842 3178 de
864 3133 902 3179 ea
923 3114 1095 3179 sentiamus
1115 3133 1188 3180 mox
1210 3116 1386 3196 aperiamus

265 3261 309 3268 —
331 3222 409 3286 nihil
430 3219 516 3284 aliud
538 3218 589 3298 agi
610 3218 734 3281 uidetur
760 3217 822 3280 ulsi
848 3221 885 3279 ut
905 3221 974 3281 tota
995 3218 1035 3282 de
1056 3217 1105 3281 bis
1127 3217 1268 3300 epistolis
1290 3237 1386 3299 quae-

266 3326 327 3388 stio
356 3322 576 3388 conturbetur:
605 3337 706 3400 neque
734 3320 817 3384 enim
843 3320 924 3384 ullas
947 3323 1048 3384 certas
1070 3338 1180 3384 causas
1202 3325 1257 3384 aut
1279 3339 1385 3385 neces-

266 3426 373 3504 sarias,
397 3443 453 3488 cur
473 3422 624 3486 traditum
647 3422 789 3486 ordinem
805 3422 980 3502 reiciamus,
1004 3423 1121 3500 attulit,
1145 3426 1176 3486 et
1197 3422 1298 3502 ipsam
1321 3423 1385 3504 epi-

266 3528 380 3592 stolam
406 3526 452 3590 ita
478 3529 581 3589 totam
606 3524 784 3589 institutam
812 3541 888 3606 esse,
915 3543 973 3607 per
999 3543 1032 3589 se
1058 3529 1095 3588 ut
1121 3524 1385 3589 honorationem

266 3649 470 3660 ———

368 3719 391 3782 1)
418 3715 450 3767 In
475 3712 568 3767 verbis
593 3713 692 3766 harum
719 3713 897 3782 epletolarum
923 3711 1128 3783 perscribendis
1154 3711 1384 3797 Wesenbemium

265 3800 427 3870 plerumque
459 3815 520 3852 sum
551 3804 673 3860 secutus,
699 3799 746 3866 qui
773 3798 905 3862 ordinem,
936 3814 989 3866 quo
1020 3797 1142 3866 singulas
1169 3812 1263 3851 aarum
1289 3804 1383 3866 partes

265 3890 348 3939 antee
369 3884 440 3940 male
465 3884 633 3938 disturbotas
655 3889 731 3938 recte
754 3900 784 3939 se
812 3885 941 3953 echpere
965 3883 1068 3936 antris
1091 3882 1179 3936 doctis
1199 3883 1254 3937 iam
1274 3883 1383 3953 pridem

265 3976 440 4040 perspectum
459 3975 487 4022 et
505 3969 721 4024 demonstratum
744 3975 811 4036 erat,
831 3970 936 4039 prImus
953 3970 983 4023 In
1002 3967 1153 4023 edItionem
1170 3983 1248 4022 suom
1266 3969 1383 4038 recepit

367 4055 638 4124 &Icpfflmo

367 4141 392 4208 ⁸)
409 4141 427 4195 l.
447 4157 469 4194 c.
488 4157 514 4209 p.
530 4141 547 4194 9
564 4155 622 4209 sqq.
