3048 4850
1167 263 1205 327 87

143 452 249 516 dicero
276 451 347 514 ideo
375 450 452 514 haee
480 449 648 526 addidisse,
672 448 757 528 quod
777 448 844 529 ipse
867 450 1023 530 „nardum
1046 452 1173 515 omnino
1195 470 1250 515 no-

142 573 210 618 nen
244 552 432 617 exstinctum
458 552 521 616 iarn
538 550 621 616 esse“
633 549 770 614 volebat.
783 568 957 630 --neque
979 553 1252 633 supprimenda

143 674 198 722 res
221 659 318 719 erat:
341 654 408 719 sine
430 653 525 718 dubio
548 653 675 734 Meyero
699 652 930 717 eoncedendum
953 659 1001 716 est
1023 653 1250 735 ,opprimendi‘

142 759 269 822 verbum
299 757 333 820 in
365 755 544 820 huiusmodi
576 754 739 819 sententiis
766 755 866 838 magis
894 772 961 823 esse
983 754 1174 836 Tullianum3
1198 757 1253 820 sed

143 861 172 924 in
195 858 388 938 elegantiore
411 859 549 938 quodem
571 855 693 922 dicendi
714 873 831 936 genere
850 856 919 934 hoo,
942 857 974 919 ni
995 855 1097 936 fallor,
1115 858 1253 938 positum

143 967 189 1026 est
211 960 385 1037 discrimen,
409 959 685 1040 supprimendique
705 958 837 1022 verbum
858 958 994 1038 vulgaris
1017 961 1169 1023 sermonis
1188 978 1253 1023 rne-

142 1064 186 1144 gis
219 1068 267 1127 est
297 1062 469 1143 proprium,
504 1079 566 1142 quo
596 1077 656 1124 usu
682 1057 796 1124 duetus
818 1055 926 1124 Cicero
949 1065 981 1123 et
1002 1061 1041 1124 de
1062 1079 1139 1125 voce
1161 1066 1193 1126 et
1215 1062 1253 1126 de

144 1165 282 1229 oratione
316 1163 407 1246 (Sull.
442 1165 492 1241 30,
528 1163 581 1227 Or.
615 1162 669 1243 85)
704 1168 798 1244 etque
820 1163 915 1226 etiarn
938 1163 977 1226 de
998 1163 1120 1246 (animi)
1154 1164 1254 1243 aegri-

144 1266 250 1330 tudine
274 1265 378 1348 (Tusc.
402 1263 450 1328 III
475 1265 528 1346 75)
551 1266 612 1329 hoe
633 1264 729 1329 verbo
751 1265 861 1328 utitur.

243 1369 261 1450 ξ
283 1369 312 1432 6.
356 1369 410 1431 De
441 1367 630 1432 Cicerone
651 1371 945 1431 meo-tentum
968 1367 1121 1431 scilieet
1142 1385 1254 1447 quen·

143 1477 217 1534 turn
240 1470 362 1534 debeo
384 1470 549 1550 gaudeo:
572 1469 639 1533 Att.
662 1469 714 1534 IV.
732 1473 758 1546 1,
782 1469 801 1534 8
825 1471 892 1552 ,De
912 1469 1046 1534 Lentulo
1069 1469 1190 1533 seilicet
1211 1470 1255 1532 sio

143 1571 218 1650 fero,
241 1578 278 1636 ut
300 1571 427 1650 debeo“,
451 1577 483 1636 et
505 1571 598 1652 paulo
621 1577 693 1653 post
716 1571 747 1653 (ἓ
769 1571 820 1652 2);
843 1590 917 1654 ,ego
932 1589 1005 1636 vero
1018 1607 1055 1618 -
1069 1590 1131 1653 quo
1147 1570 1256 1636 dolore

144 1693 210 1738 esse
244 1674 366 1738 debeo?
398 1692 459 1753 quo
493 1691 562 1738 eum
595 1673 741 1752 scilieet,
765 1675 831 1738 Att.
854 1673 870 1736 I
893 1676 942 1753 17,
967 1677 984 1738 1
1008 1691 1202 1755 ,quaerre
1225 1679 1257 1738 et

19 1807 20 1812 ,
143 1777 286 1840 molestia
318 1794 387 1840 sum
408 1780 499 1839 tenta
520 1775 659 1854 effectur,
684 1781 835 1855 quantum
857 1776 933 1839 mihi
955 1793 1042 1840 meus
1064 1794 1152 1840 arnor
1174 1795 1256 1841 surn-

142 1896 211 1942 mus
244 1896 318 1958 erge
344 1881 512 1958 utrumque
533 1884 673 1942 vestrum
696 1877 807 1941 afferre
828 1877 946 1954 debuit,
969 1883 1001 1941 et
1022 1877 1256 1956 admiratione“;

143 1981 215 2046 fem.
238 1976 271 2043 Η
293 1981 322 2059 9,
348 1981 364 2044 1
389 1981 540 2061 ,primunr
561 1978 629 2058 tibi,
651 1983 688 2042 ut
710 1979 820 2057 debeo,
842 1979 984 2059 gratulor
1004 1980 1167 2060 laetorque
1187 1997 1256 2044 eum

19 2151 20 2168 ,
143 2082 328 2164 praesenti“;
361 2083 428 2146 Att.
461 2082 507 2147 IV
530 2085 558 2160 1,
581 2081 615 2160 83
637 2081 711 2144 iem.
733 2080 780 2144 XI
800 2083 852 2159 21,
876 2083 903 2160 13
927 2081 965 2144 de
988 2082 1129 2162 repetitis
1151 2087 1257 2146 eutem

19 2229 20 2242 ,
146 2185 434 2268 ,tenti-quenti“
457 2185 562 2250 verbis
585 2184 631 2248 cir
652 2184 732 2248 Phil.-
755 2183 805 2248 ΠΙ
825 2186 848 2248 4
868 2185 935 2266 ,eui
957 2185 1259 2265 quemquem'gretie

19 2359 20 2362 ¹
144 2286 256 2350 referri
288 2291 378 2351 tenta
400 2304 464 2350 non
486 2291 592 2367 potest
614 2289 733 2368 quanto
752 2284 894 2364 debetur,
917 2284 1062 2358 habenda
1083 2291 1188 2350 tamen
1210 2290 1259 2350 est

143 2395 243 2467 tenta,
278 2394 428 2469 quantam
462 2387 631 2452 maximnm
663 2388 760 2454 enimi
791 2388 892 2452 nostri
924 2379 1036 2466 oeper'e
1056 2387 1203 2469 possunt“
1227 2394 1259 2453 et

145 2492 209 2554 Att.
233 2490 249 2553 Ι
273 2492 321 2568 17,
345 2491 375 2555 2.
