3048 4850
310 283 352 351 80

267 467 339 536 lem
375 471 557 551 audiissent,
589 487 671 553 quaa
694 471 738 536 le
759 471 858 536 Bruto
878 469 1005 550 aogmta
1025 467 1187 546 haberent,
1208 480 1282 550 „aua
1303 485 1380 550 quo-

268 587 329 656 que
362 574 551 640 mannate
578 588 621 639 ea
653 584 734 656 qnae
760 563 907 655 gessisset
932 567 1110 636 firmaremur
1137 575 1231 651 atque
1253 575 1381 636 senatus

268 677 445 741 tansultum
466 677 615 754 mamert,
638 693 677 742 err
699 693 762 758 qua
782 673 910 740 Oaas'lue
932 693 989 756 pro
1011 674 1139 739 aenenle
1160 673 1283 755 Syriam
1299 673 1381 738 obti-

267 783 366 858 neret,
398 791 470 844 eum
495 780 534 843 iia
559 779 659 860 copiis
688 795 768 860 quae
787 777 831 842 ibi
854 781 983 861 paratae
1001 779 1109 841 essent
1131 791 1270 857 quaeque
1290 793 1382 857 prae

267 885 355 945 terea
387 885 523 964 pararet,
556 881 639 946 belle
672 879 871 946 Dolabellam
892 883 1132 962 persequeretur
1158 878 1285 958 maeque
1307 877 1383 942 belli

267 983 397 1063 gerarum
421 997 518 1048 aenea
541 983 708 1065 imperium
736 983 802 1048 eius
822 983 856 1047 in
878 981 1022 1046 amnibus
1043 980 1212 1062 provintiis
1234 979 1384 1044 Asiaticis

267 1085 369 1150 maiam
398 1091 486 1150 esset
515 1099 609 1167 qnam
637 1085 718 1150 alins
738 1086 923 1166 anteaquam
936 1085 972 1164 ¹).
995 1114 1036 1130 -
1057 1083 1171 1164 ltaque
1192 1087 1228 1147 ut
1248 1082 1331 1146 Phil.
1353 1081 1385 1146 ll

269 1187 378 1253 Oleara
398 1187 433 1252 id
450 1189 622 1282 'marimum
644 1189 716 1270 egit,
738 1192 775 1252 ut
792 1203 877 1269 quae
899 1200 918 1252 a
938 1186 1037 1251 Bruto
1050 1190 1150 1267 ¹gesta
1168 1190 1276 1249 essent
1292 1199 1385 1250 eena-

268 1294 320 1354 tra
342 1291 530 1378 auctoritate
552 1289 819 1369 confirmarentur,
841 1290 888 1353 ita
908 1289 990 1353 Phil
1012 1287 1058 1352 xl
1079 1305 1115 1352 aa
1135 1287 1168 1350 in
1188 1288 1297 1368 primia
1313 1303 1385 1369 spe-

270 1393 377 1472 etavit,
397 1397 434 1458 ut
456 1408 610 1458 summram
631 1393 730 1458 totius
751 1392 846 1457 Asiae
866 1390 1327 1472 imperinmeenatuerensultu
1343 1390 1384 1454 ad

270 1493 412 1559 &assium
442 1493 625 1575 deterretur,
647 1495 738 1560 auius
759 1493 806 1558 rei
826 1491 1034 1575 perimendae
1055 1489 1172 1556 bellurn
1194 1507 1266 1556 eum
1288 1493 1384 1556 Dela·

268 1596 353 1662 bella
372 1597 544 1676 gerendum
559 1597 788 1678 optatissimam
803 1593 950 1677 praebuit
964 1593 1170 1660 occasionem.
1203 1593 1273 1658 Her
1288 1595 1383 1658 etiam

270 1699 403 1779 epistola
423 1713 518 1778 quam
541 1697 650 1763 Oieere
672 1699 767 1779 paulo
789 1697 964 1780 posthanc
986 1697 1160 1761 orationem
1181 1695 1324 1761 habitam
1343 1697 1382 1760 ad

270 1799 414 1864 Gessium
435 1799 522 1865 dealt
550 1801 606 1882 (ad
627 1800 700 1865 lam.
722 1799 786 1864 XII
808 1798 841 1882 t)
861 1799 942 1862 natis
963 1795 1173 1863 confirmatur.
1216 1796 1256 1861 Id
1277 1804 1377 1862 autent

269 1901 372 1982 ipsum
393 1901 515 1966 Pansae
537 1903 604 1967 sine
627 1902 721 1967 (lubio
744 1901 836 1966 nimia
851 1901 943 1980 longe
958 1905 1099 1981 spectare
1113 1899 1287 1978 vilebatur,
1303 1895 1376 1980 qut

269 2003 354 2068 niam
388 2003 602 2086 „vehementer
635 2003 783 2083 abstitit,
818 2008 913 2084 atque
938 2006 1045 2067 tetum·
1071 2001 1255 2068 Dolabellae
1278 2005 1377 2084 paee

270 2107 386 2188 quanli
406 2107 569 2172 consilium
589 2108 622 2170 in
644 2107 730 2171 aliud
748 2111 875 2187 tempus
896 2105 1028 2170 dilatum
1050 2108 1106 2170 est.

371 2208 440 2274 Iam
470 2225 546 2274 vera
572 2210 605 2273 in
633 2209 769 2274 medium
790 2209 855 2274 fere
876 2208 1026 2289 temperis
1047 2208 1183 2288 spatium
1203 2209 1289 2272 inter
1314 2223 1383 2273 ora·

270 2311 390 2375 tionem
421 2313 509 2376 illam
540 2311 681 2376 habitam
709 2317 741 2375 et
763 2309 854 2374 Bruti
875 2311 1039 2392 epistolam
1061 2309 1112 2372 eui
1132 2309 1210 2374 haee
1229 2311 1385 2392 rescripta

272 2417 321 2476 eet
343 2413 482 2477 eiusdem
503 2413 682 2478 inciderrmt
704 2413 830 2476 litterae
852 2412 997 2493 publicae
1017 2412 1058 2475 de
1079 2410 1114 2476 0.
1131 2411 1269 2476 Antonio
1281 2417 1383 2495 capte.

271 2512 384 2594 Itaque
416 2513 541 2579 sublata
572 2519 640 2578 erat
673 2529 767 2576 eausa
799 2529 878 2592 quae
912 2517 985 2577 ante
1016 2513 1049 2577 id
1081 2518 1213 2594 tempua
1244 2531 1285 2578 ne
1306 2514 1386 2578 Bru-

272 2620 324 2680 tna
354 2616 389 2680 in
421 2616 529 2681 Asiam
550 2613 809 2698 proficisceretur,
835 2615 868 2679 in
892 2613 1001 2696 primis
1025 2616 1219 2696 impedierat,
1245 2633 1317 2681 cum
1338 2617 1387 2681 in·

272 2717 366 2782 terim
394 2735 413 2782 a
439 2716 546 2782 Cassio
569 2719 637 2800 ipso
660 2719 765 2782 nullae
784 2718 902 2782 allatae
924 2722 1028 2782 essent
1043 2718 1176 2783 litterae.
1219 2721 1386 2786 Postremo

274 2819 383 2885 (licem
418 2820 507 2885 Bruti
535 2821 702 2902 epistolam
724 2821 844 2902 accepit
865 2821 937 2885 Kal.
960 2821 1036 2902 Apr.
1059 2821 1175 2901 datam,
1197 2823 1229 2886 in
1252 2840 1314 2904 qua
1335 2823 1387 2886 lrie

273 2923 367 2988 letae
394 2925 573 3005 provinciae
596 2923 728 2988 amissae
750 2924 799 2988 bis
819 2923 865 2987 ita
885 2922 962 2988 latit
983 2923 1182 3004 mentionem,
1205 2929 1241 2988 ut
1261 2925 1330 3006 ipse
1352 2939 1386 2990 ee

274 3026 315 3090 ad
336 3043 406 3090 earn
428 3027 672 3108 recuperandam
694 3025 805 3091 efferre
825 3026 980 3104 videatur,
1003 3043 1145 3107 quaeque
1165 3026 1388 3109 inprimaepi-

274 3129 357 3192 stela
387 3127 510 3193 scribit:
544 3145 624 3208 „nen
657 3129 740 3192 enirn
768 3127 888 3206 dubito,
915 3128 991 3208 quin
1012 3127 1089 3191 mihi
1111 3127 1275 3193 consilium
1296 3135 1387 3193 tuum

274 3230 436 3311 explicem,
458 3231 496 3294 iis
518 3245 589 3294 eum
612 3231 732 3296 dehac
752 3231 821 3317 ipsa
836 3229 1066 3296 reOiceronem
1077 3232 1170 3312 plane
1181 3232 1344 3297 consulere
1354 3237 1389 3297 et

274 3332 354 3396 haee
375 3331 415 3396 de
437 3333 550 3414 quibus
571 3343 655 3396 nnnc
677 3332 796 3412 agimus
818 3332 858 3397 ad
881 3351 918 3398 ea
939 3333 1092 3416 rescripta
1112 3349 1181 3398 ease
1198 3338 1271 3398 ante
1283 3331 1389 3398 oeten·

275 3433 429 3516 limml).
463 3435 512 3498 Ab
532 3436 602 3516 ipso
625 3435 721 3515 igitur
743 3434 842 3500 Brute
865 3441 972 3517 aperte
993 3435 1157 3500 lacessitus
1173 3435 1388 3500 heceireuei-

274 3536 352 3600 lium
383 3536 449 3599 dat.
492 3537 602 3617 Neque
622 3553 697 3602 vero
721 3535 830 3601 Cicero
854 3537 1011 3618 putandus
1035 3541 1083 3601 est
1104 3538 1143 3602 de
1165 3537 1251 3602 exitu
1272 3553 1387 3618 rerum,

275 3653 356 3722 qnae
388 3643 455 3703 trun
487 3640 622 3703 manime
648 3641 680 3704 in
702 3637 808 3705 Gallia
829 3640 1028 3720 gerebantur,
1050 3644 1215 3722 tantopere
1236 3639 1387 3719 timuisse,

275 3745 314 3805 ut
343 3741 491 3822 praesidii
516 3759 618 3806 eausa
648 3741 779 3806 Brutum
801 3743 835 3806 in
856 3741 979 3824 Illyriae
1000 3743 1136 3806 retinere
1157 3742 1262 3823 vellat,
1288 3759 1388 3824 neque

277 3843 490 3908 oblimcmla
512 3849 589 3908 aunt
617 3861 696 3926 quae
717 3844 751 3908 in
772 3845 874 3927 prima
894 3845 987 3909 huius
1008 3845 1082 3910 libri
1103 3845 1235 3927 epistola
1255 3846 1388 3927 seripse-

381 4080 858 4149 =mmmmmmmm

379 4165 571 4236 pmpm
