3082 4856
326 249 369 314 30

283 436 386 518 inquit
408 435 441 518 (ἓ
463 435 527 515 22),
552 433 641 515 „fieri
662 440 778 518 posset,
794 437 845 502 vel
859 437 958 519 pluris
973 441 1007 503 te
1026 435 1190 520 (Pansam)
1208 437 1329 502 animos
1345 437 1404 501 111-

284 539 360 604 bere
381 539 503 618 vellem,
527 557 605 620 quos
627 539 728 604 omnis
751 539 792 602 ad
807 538 962 606 Mutinam
977 541 1167 606 intenderes.
1196 539 1289 616 Quod
1303 557 1404 620 quon-

283 643 347 707 iam
368 640 436 705 fieri
457 659 521 705 non
542 646 657 722 potest,
680 641 741 706 isto
764 645 796 706 te
819 642 923 707 animo
952 662 1044 724 quem
1072 643 1170 707 habes
1197 641 1404 724 praestantis·

283 744 397 808 simum
419 747 514 823 atque
536 744 689 826 optimum
711 743 789 808 nihil
810 745 954 810 volumus
975 746 1037 810 nisi
1058 746 1097 809 de
1112 745 1212 808 Bruto
1231 744 1403 824 cogitare“,

284 851 322 911 et
338 845 433 929 paulo
455 850 528 927 post
550 845 581 928 (ᾖ
604 847 670 926 26),
693 863 765 910 cum
786 846 854 928 ipse
875 865 894 910 a
916 847 959 911 M.
981 848 1081 912 Bruto
1104 852 1159 913 aut
1181 866 1200 911 a
1222 845 1330 911 Cassio
1348 850 1405 910 aut

283 948 324 1012 ab
359 952 494 1028 utroque
520 947 720 1012 Dolabellam
746 949 995 1028 persequendum
1021 967 1090 1014 esse
1117 949 1298 1026 censuisset,
1325 946 1405 1010 haec

284 1049 475 1114 subiecerat:
504 1049 727 1128 „decernerem
753 1049 848 1130 plane
875 1087 909 1096 -
939 1050 1073 1116 alterum
1100 1050 1241 1130 ambove,
1269 1050 1303 1114 ni
1323 1048 1405 1112 Bru-

283 1157 351 1218 tum
374 1153 608 1232 colligassemus
635 1153 668 1216 in
696 1151 830 1216 Graecia
852 1173 908 1231 -3
935 1171 1009 1217 non
1035 1158 1077 1217 ut
1104 1170 1147 1217 eo
1176 1171 1218 1216 111
1245 1152 1405 1216 111111-

284 1260 458 1338 spectum
479 1254 714 1334 haberemus,
738 1255 795 1319 sed
815 1259 853 1318 ut
879 1254 949 1336 ipsa
971 1255 1054 1319 acies
1075 1254 1251 1319 subsidium
1271 1253 1405 1318 haberet

284 1358 562 1421 transmarinum‘.
610 1357 763 1436 Denique,
803 1356 830 1420 11
865 1356 948 1421 hanc
986 1356 1151 1438 epistolam
1189 1357 1300 1420 eodem
1337 1354 1405 1420 1111

283 1464 427 1542 tempore
450 1477 511 1540 quo
533 1458 644 1523 habita
665 1462 714 1522 est
735 1457 816 1521 Phil.
838 1457 901 1522 XII
923 1459 1074 1540 scriptam
1095 1476 1164 1523 esse
1185 1461 1270 1523 recte
1292 1459 1405 1523 statui-

252 1610 256 1616 .
284 1579 364 1640 mue,
392 1579 463 1625 cum
490 1560 551 1624 hoc
577 1561 616 1623 de
643 1577 705 1639 quo
738 1559 860 1639 agimus
886 1561 955 1625 loco
989 1561 1108 1643 optime
1135 1561 1290 1640 convenit,
1318 1561 1406 1641 quod

286 1663 394 1728 Cicero
422 1662 478 1727 1111
510 1662 653 1726 oratioue
680 1679 721 1724 ne
747 1661 843 1726 verbo
873 1663 999 1743 quidem
1027 1664 1070 1727 M.
1097 1663 1188 1727 Bruti
1215 1668 1270 1728 aut
1303 1662 1406 1728 Cassii

284 1768 402 1843 monet,
425 1764 480 1828 sed
503 1764 603 1829 omnis
625 1764 692 1828 eius
712 1781 788 1827 cura
803 1765 1026 1845 contentioque
1041 1766 1075 1831 in
1090 1764 1173 1830 bello
1191 1766 1232 1830 ad
1248 1765 1404 1832 Mutinam

285 1868 423 1949 gerendo
446 1867 639 1947 Decimoque
660 1867 760 1930 Bruto
782 1865 946 1931 liberando
970 1865 1072 1931 defixa
1095 1871 1157 1932 est:
1182 1868 1257 1948 quin
1278 1868 1407 1933 11111111-

283 1975 338 2035 tur
359 1969 463 2034 verbis
485 1970 518 2052 (§
541 1968 590 2050 3):
619 1969 726 2050 „quod
752 1969 779 2034 si
805 1967 839 2033 in
865 1967 949 2034 bello
972 1969 1041 2033 dari
1061 1970 1171 2034 vicarii
1197 1971 1345 2048 solerent,
1368 1971 1407 2034 li·

283 2073 396 2138 benter
415 2091 476 2152 me,
504 2076 541 2136 ut
567 2072 607 2137 D.
634 2071 752 2136 Brutus
779 2072 984 2152 emitteretur,
1012 2091 1069 2154 pro
1096 2072 1151 2137 illo
1172 2072 1291 2136 includi
1317 2076 1406 2154 pate-

282 2179 366 2241 rer“.
411 2174 475 2239 Cur
497 2178 602 2240 autem
629 2175 751 2238 nullum
776 2174 970 2257 praesidium
991 2175 1043 2238 111
1070 2177 1288 2257 “respectum“
1311 2192 1406 2255 quae-

283 2278 392 2343 siverit
418 2278 487 2358 ipse
515 2276 663 2354 ostendit,
692 2293 763 2339 cum
791 2275 825 2358 (5
853 2277 883 2354 9,
912 2274 967 2338 11.
996 2276 1032 2358 ἓξ
1062 2277 1405 2358 1011161111111111

283 2380 381 2445 Hirtii
403 2384 435 2442 11
457 2377 601 2442 Caesaris
623 2395 711 2458 spem
737 2377 889 2442 victoriae
915 2377 1105 2442 declarantis
1131 2378 1165 2442 in
1185 2397 1282 2443 manu
1304 2396 1339 2443 11
1360 2384 1404 2443 te

283 2499 360 2546 nere
382 2480 468 2544 dicit.
491 2516 531 2525 —
553 2481 664 2560 Neque
685 2484 792 2544 tamen
814 2480 954 2544 utilitate
975 2479 1022 2544 rei
1043 2480 1187 2561 publicae
1208 2498 1243 2545 se
1265 2481 1406 2546 converti

284 2603 376 2668 posse
412 2588 517 2664 negat,
550 2583 583 2647 id
615 2583 702 2663 quod
735 2587 847 2664 postea
879 2583 947 2664 ipse
979 2582 1134 2664 probavit,
1168 2602 1238 2647 cum
1271 2585 1406 2648 consuli-

284 2686 344 2750 bus
380 2686 421 2750 ad
457 2685 613 2749 Mutinam
649 2685 759 2750 occisis
796 2690 892 2767 atque
927 2685 1067 2750 Antonio
1109 2685 1149 2750 de
1184 2685 1330 2749 manibus
1366 2686 1406 2750 D.

284 2788 376 2853 Bruti
399 2793 431 2852 et
453 2787 596 2852 Caesaris
625 2789 738 2852 emisso
766 2787 811 2853 M.
837 2787 972 2853 Brutum
999 2786 1203 2868 Cassiumque
1224 2789 1258 2852 iu
1279 2789 1406 2852 Italiam

286 2907 444 2954 arcessere
466 2908 530 2956 non
557 2889 716 2955 desineret
730 2891 764 2972 ¹).
807 2891 856 2953 De
883 2889 953 2954 aliis
981 2893 1086 2954 autem
1114 2889 1333 2954 consularibus
1360 2890 1408 2954 111

286 2993 428 3074 queritur
449 2993 543 3075 (Phil.
564 2993 640 3060 XIV
664 2994 734 3078 17):
758 3012 841 3074 „quo
864 3011 915 3056 me
937 2993 1047 3056 dolore
1068 2991 1152 3056 affici
1173 2993 1311 3070 creditis,
1336 3011 1410 3058 cum

287 3132 326 3144 -
350 3097 474 3162 videam
497 3097 577 3161 alios
599 3131 639 3143 —
661 3096 852 3160 sententiam
873 3113 964 3159 suam
985 3113 1049 3159 non
1066 3110 1190 3176 semper
1205 3095 1344 3160 utilitate
1361 3097 1410 3160 rei

286 3200 442 3282 publicae,
465 3200 521 3264 sed
543 3203 611 3262 tum
633 3217 688 3281 spe
710 3202 778 3262 tum
800 3199 914 3262 timore
935 3198 1131 3262 moderari?“

388 3303 457 3366 Iam
478 3302 506 3366 si
528 3301 567 3366 de
588 3300 756 3364 verborum
779 3317 860 3381 quae
881 3301 1024 3382 proxima
1047 3305 1122 3364 sunt
1143 3301 1300 3382 scriptura
1321 3305 1411 3366 recte

288 3405 512 3468 coniecerimus
536 3404 613 3485 (qua
639 3403 678 3468 de
705 3420 739 3467 re
764 3402 846 3467 inira
873 3403 1098 3486 disputandum
1127 3403 1210 3487 1111),
1238 3403 1284 3466 111
1310 3403 1411 3467 inter-

287 3505 442 3588 pretanda
464 3509 546 3584 sunt,
570 3504 753 3570 Ciceronem
775 3523 850 3570 suae
872 3507 1046 3570 sententiae
1073 3505 1112 3568 de
1142 3506 1319 3586 quamodo
1344 3509 1410 3588 egi-

287 3628 358 3674 mus
384 3627 454 3673 eam
483 3625 650 3689 opponere,
675 3625 737 3688 qua
763 3606 859 3672 fuerit
885 3609 986 3672 maior
1007 3625 1081 3688 pars
1109 3607 1282 3686 hominum,
1311 3612 1413 3689 atque

288 3712 401 3776 horum
424 3710 546 3775 animos
567 3711 631 3774 iam
652 3715 730 3790 tum,
754 3728 825 3774 oum
846 3710 928 3774 hanc
950 3709 1073 3774 dederit
1089 3710 1265 3792 epistolam,
1289 3712 1412 3791 praesi-

289 3815 376 3879 dium
398 3817 586 3894 quaerentes
600 3813 734 3877 Brutum
757 3811 960 3893 Cassiumque
981 3813 1157 3894 respexisse
1178 3812 1325 3907 scribere.
1358 3814 1412 3878 Ad

289 3917 368 3981 haec
399 3915 541 3997 proxime
574 3916 728 3980 accedunt
755 3934 835 3996 quae
865 3916 899 3978 in
932 3915 1066 3997 epistola
1096 3915 1137 3980 111
1164 3914 1307 3980 Cassium
1334 3920 1412 3981 ante

394 4089 415 4155 ¹)
434 4085 481 4140 Cfr
499 4101 560 4155 epp.
579 4084 614 4138 ad
631 4086 747 4138 Brutum
768 4085 822 4150 19,
840 4088 865 4150 33
883 4084 924 4150 10,
943 4085 966 4151 1,
983 4086 1009 4152 4,
1026 4086 1051 4151 5;
1070 4085 1110 4148 12,
1132 4085 1156 4152 2;
1175 4084 1216 4151 14,
1239 4086 1269 4154 2ς,
1286 4083 1320 4139 ad
1343 4083 1411 4139 fam.

289 4173 329 4226 XI
348 4172 388 4238 14,
406 4172 430 4234 2,
448 4171 490 4237 25,
507 4171 533 4236 2;
551 4169 603 4224 XII
620 4171 645 4236 8,
663 4171 687 4236 23
705 4170 730 4236 9,
747 4171 772 4236 2;
791 4169 832 4236 10,
849 4171 874 4224 4,
