3048 4850
332 277 372 342 98

280 465 399 529 Romae
420 463 610 544 versabatur,
634 483 730 546 quare
750 465 828 529 nihil
843 465 981 547 prolecto
998 484 1076 548 opus
1097 472 1165 531 erat
1181 465 1333 548 Ciceroni,
1350 474 1391 534 uc
1486 533 1487 542 ,

282 572 350 632 erat
370 566 503 631 maxime
524 572 701 648 occupatus
724 586 794 634 eum
816 567 854 632 de
875 569 964 632 Bruti
985 569 1078 632 rebus
1100 570 1194 650 gestis
1217 571 1395 636 certiorem.
1485 595 1487 607 ¹

281 668 393 733 lacere.
436 669 572 732 Tertiam
611 669 742 750 deniqne
774 671 937 751 epistolam
971 667 1078 736 Olcero
1112 671 1152 734 ad
1184 670 1397 738 comitiorum

282 770 369 834 dedit
382 769 417 853 ¹).
470 771 499 835 Α
547 771 581 834 11
618 771 761 836 omnibus
799 772 936 853 epistods
973 772 1033 836 hoc
1065 777 1204 855 tempore
1239 773 1279 837 ad
1312 791 1390 840 eum

282 873 371 951 datis,
417 889 546 953 quarum
589 873 608 936 9
651 877 782 950 exstant,
820 891 945 938 necesse
983 879 1030 938 est
1067 875 1210 956 Meyerus
1251 876 1388 942 mentio-

280 992 350 1039 nem
371 974 462 1039 Bruti
483 974 646 1052 desideret,
668 991 725 1038 uec
746 973 844 1039 Marci
866 976 961 1040 solius
982 976 1037 1040 sed
1058 977 1178 1041 Decimi
1199 977 1291 1042 Bruti
1306 977 1384 1043 Cas-

281 1077 319 1141 sii
339 1077 499 1158 Trebonii3
522 1075 690 1158 dequibus
711 1076 788 1140 nihil
809 1077 842 1141 in
862 1077 910 1142 his
933 1084 1198 1158 commemoratur,
1221 1081 1282 1144 1111
1298 1081 1386 1162 qnod

279 1180 312 1243 in
344 1199 392 1262 ep.
413 1179 476 1243 XII
497 1181 546 1258 22,
570 1181 590 1244 2
612 1179 674 1263 (ex.
696 1197 737 1243 m.
759 1181 835 1244 Dec.
857 1180 969 1261 prloris
990 1183 1063 1244 anni
1085 1181 1172 1262 data)
1194 1181 1270 1245 haee
1292 1189 1389 1254 suntz.

281 1282 457 1363 „nostrique
478 1281 697 1363 tyrannoctoni
721 1282 814 1362 longe
845 1283 982 1362 gentium
1008 1283 1147 1348 absunt‘.
1191 1283 1274 1360 Quiu
1296 1285 1384 1365 qnod

280 1384 375 1448 etiam
407 1384 445 1447 de
476 1383 596 1465 Lepidi,
631 1384 669 1448 de
700 1384 810 1448 Planci
838 1385 950 1448 litteris
972 1382 1043 1449 silet
1064 1385 1181 1464 Cicero,
1205 1403 1286 1466 quae
1307 1403 1382 1450 eum

279 1489 384 1552 tamen
416 1485 525 1548 eodem
551 1487 690 1567 tempore
710 1487 844 1550 maxime
866 1486 1090 1550 conturbarint.
1133 1485 1300 1551 Praeterea
1328 1487 1380 1552 Oi-

216 1627 217 1632 η
281 1605 352 1652 cero
381 1587 470 1652 utin
492 1586 560 1651 aliis
581 1587 693 1652 litteris
714 1589 813 1651 11011
834 1588 883 1652 his
903 1590 1026 1670 saepIus
1047 1589 1163 1668 scribit,
1187 1607 1266 1670 quae
1287 1591 1321 1653 in
1341 1609 1377 1656 re

279 1689 404 1771 publica
435 1694 505 1753 acta
537 1690 679 1767 siut„vel
700 1707 736 1752 ex
759 1689 836 1753 actis
856 1689 989 1770 publicis
1010 1692 1059 1756 vel
1082 1710 1119 1756 ex
1141 1691 1273 1755 aliorum
1294 1691 1378 1756 litte·

279 1789 322 1854 ris
344 1807 377 1855 se
399 1791 429 1855 ei
451 1790 500 1855 eui
521 1788 636 1854 scribat
658 1791 781 1870 cognita
802 1809 869 1856 esse
890 1792 1046 1858 arbitrari.

379 1893 447 1962 Iam
477 1911 551 1960 vero
574 1894 633 1958 hoc
654 1900 760 1958 mouet
781 1895 924 1977 Meyerus
944 1897 977 1959 in
997 1897 1066 1978 ipsa
1085 1895 1164 1961 Phil.
1186 1895 1369 1962 111110111-

279 2015 386 2064 ronem
407 1995 592 2062 laetissimos
614 1996 684 2060 illos
705 1997 743 2060 de
766 1995 799 2061 Ο.
821 1998 958 2062 Antonio
975 2003 1065 2080 capto
1085 1999 1211 2062 nuntios
1227 2003 1293 2062 tam
1308 1998 1376 2062 stri·

279 2101 352 2166 otim
366 2098 537 2182 frigideque
553 2116 802 2178 commemorare,
825 2105 860 2163 ut
881 2118 944 2163 101
965 2101 1073 2164 eodem
1095 2100 1145 2165 vel
1165 2101 1306 2183 proximo
1328 2100 1378 2164 die

278 2203 333 2270 sed
355 2202 513 2282 aliquanto
536 2206 608 2266 ante
631 2219 684 2266 eos
704 2202 883 2283 pervenisse
903 2219 1029 2266 necesse
1049 2204 1090 2267 sit
1103 2207 1257 2284 putemus.
1289 2203 1377 2266 Duos

277 2306 349 2370 illos
370 2304 455 2368 locos
478 2304 530 2385 qui
550 2303 610 2367 huc
631 2304 789 2386 pertiuent
809 2304 902 2368 modo
924 2304 1093 2382 attulimus,
1116 2304 1227 2385 quibus
1249 2304 1376 2385 quidem

280 2407 453 2472 ostenditur
475 2403 655 2469 Ciceronem
680 2405 737 2470 hos
763 2407 890 2469 11111101
916 2407 948 2468 in
969 2406 1181 2471 recitatIonem
1202 2407 1382 2471 litterarum

278 2509 320 2574 M.
343 2508 480 2586 Antonii,
504 2526 596 2588 quam
617 2508 651 2571 in
672 2507 883 2572 altercationis
905 2508 1032 2573 modum
1053 2507 1241 2590 instituerat,
1263 2510 1309 2572 lta
1333 2509 1382 2572 in·

279 2612 420 2690 10111111,
453 2615 498 2690 11,
531 2611 591 2674 nisi
623 2610 684 2674 hae
708 2610 830 2675 litterae
857 2629 964 2676 ansam
989 2610 1147 2676 dedissent
1168 2629 1222 2676 eos
1244 2628 1379 2675 comme·

278 2715 430 2792 morandi,
462 2732 527 2778 rem
559 2713 652 2795 plane
685 2713 854 2778 emissurus
874 2713 969 2778 fuisse
989 2712 1141 2778 videatur.
1185 2713 1281 2794 Atqui
1301 2711 1380 2777 haec

265 2836 327 2900 ,res
360 2817 523 2900 quominus
559 2816 599 2880 ad
627 2817 743 2900 Meyeri
776 2819 962 2883 sententiam
995 2816 1237 2882 confirmandam
1273 2814 1382 2879 fidem-

279 2938 337 3002 que
359 2920 450 2984 huius
470 2920 531 2984 1001
552 2918 779 3000 infringendam
806 2921 970 3002 quicquam
996 2922 1108 3000 valeat,
1131 2919 1182 2982 hic
1203 2919 1269 2999 ipse
1290 2919 1380 2986 loeus

277 3023 416 3103 impedit,
429 3023 533 3102 -qui
555 3021 679 3102 quidem
699 3039 756 3103 per
776 3039 809 3086 se
830 3020 923 3087 fidem
945 3039 1032 3087 suam
1053 3022 1211 3104 praeclare
1232 3021 1314 3084 tueri
1336 3022 1385 3084 vi-

279 3126 382 3190 detur!
405 3123 509 3187 Habet
531 3125 613 3188 enim
634 3124 724 3189 haec:
754 3125 854 3207 ,quod
875 3126 902 3188 si
923 3125 985 3189 tuis
1006 3125 1173 3206 placuIsset
1195 3123 1234 3187 de
1254 3123 1303 3188 his
1324 3124 1402 3189 lic·
1504 3111 1510 3118 ’

277 3227 352 3292 teris
385 3226 518 3305 referri‘,
553 3243 631 3307 quae
657 3225 771 3289 docent
791 3225 848 3290 has
868 3227 989 3290 litteras
1011 3228 1111 3292 solum
1131 3227 1279 3290 recitatas
1302 3243 1379 3306 esse,

265 3345 378 3410 ¹neque
410 3329 489 3392 ullas
521 3329 559 3392 de
591 3329 629 3392 iis
661 3330 830 3393 sententias
860 3347 927 3394 esse
949 3329 1061 3408 dictas3
1084 3329 1167 3411 quod
1190 3347 1259 3394 cum
1280 3329 1380 3411 ipsius

277 3432 369 3496 Bruti
397 3431 578 3494 necessariis
610 3431 762 3511 placuisse
794 3432 923 3512 dicatur,
957 3433 1031 3513 quid
1062 3432 1188 3498 taudem
1210 3437 1267 3512 est,
1290 3431 1374 3513 quod

279 3531 420 3598 Ciceroni
450 3532 482 3596 in
515 3533 656 3598 oratioue
687 3537 763 3613 tum,
785 3553 855 3598 cnm
877 3535 915 3598 de
936 3534 1046 3616 Lepidi
1065 3534 1178 3599 litteris
1199 3532 1379 3613 referretur,

278 3635 386 3700 habita
406 3635 502 3699 nihilo
525 3634 627 3698 minus
649 3636 742 3700 etiam
764 3636 802 3699 de
822 3636 883 3700 illis
904 3637 1000 3700 uerba
1021 3636 1163 3700 iacienda
1183 3635 1280 3700 fuisse
1298 3635 1381 3700 arbi-

380 3917 401 3980 ¹)
420 3912 580 3965 Continetur
605 3917 695 3968 autem
721 3913 853 3981 epistolae
880 3912 914 3968 ad
938 3913 1000 3968 iam.
1018 3911 1070 3966 XII
1087 3913 1200 3982 2⁵iii=i⁸
1218 3913 1295 3978 1-2;
1314 3927 1378 3966 nam

271 4002 363 4051 'totam
388 3996 459 4050 hanc
486 3996 633 4061 extribus,
652 4013 700 4051 suo
719 4013 827 4066 quaque
844 4004 965 4066 tempore
984 3997 1063 4060 datis,
1081 3998 1297 4066 conglutinatam
1315 4013 1376 4054 osse

281 4082 421 4137 Gruberus
448 4082 513 4134 satis
539 4081 670 4150 probarit.
706 4083 759 4149 (De
774 4089 897 4151 tempore
915 4088 995 4150 atque
1013 4083 1085 4138 serie
1103 4083 1280 4153 epistolarum
1298 4083 1376 4138 (iice-

279 4169 363 4234 ronis,
381 4165 500 4222 Sundiae
519 4166 592 4232 1836,
610 4184 635 4237 p.
653 4168 686 4222 33
705 4170 765 4236 sq).
