3082 4856
1181 301 1222 367 59

143 488 228 553 banc
260 489 359 568 daret,
393 487 554 553 Ciceronis
587 487 753 570 epistolam
783 488 918 569 primam
949 487 1009 554 boc
1041 506 1125 556 anno
1158 488 1265 556 datam

145 589 248 672 (111)
274 590 338 656 iam
375 589 575 673 accepisse1).
629 589 739 670 Neque
771 607 845 654 uero
878 590 939 654 11111
971 589 1148 656 litterarum
1181 608 1265 658 com-

143 692 263 758 mercio
284 697 358 774 post
379 691 441 758 duo
462 693 598 758 veltres
624 709 749 756 menses
775 691 979 773 interpositos
1007 692 1102 757 modo
1128 693 1265 760 redinte-

142 799 236 876 grato
258 793 381 858 litteras
402 794 562 864 Ciceronis
584 794 693 877 „valde
709 794 923 876 exspectasse‘
946 795 1005 874 vel,
1028 795 1120 877 ,quin
1136 795 1190 862 ille
1205 795 1265 861 sibi

142 896 311 962 consilium
342 914 433 962 suum
465 896 645 978 explicaret,
679 913 743 960 non
789 895 966 961 dubitasse“
1000 895 1168 980 1111111111).
1215 897 1265 962 Ad

139 999 224 1064 haec
255 999 373 1080 optime
406 998 561 1076 convenit,
595 997 679 1080 quod
707 1004 739 1063 et
761 995 986 1080 Schmiutius³)
1020 1003 1053 1064 et
1085 998 1263 1081 Meyerus⁴l

138 1101 208 1168 iam
224 1106 413 1181 statuenmt,
435 1101 563 1166 nuntios
574 1101 709 1166 'suarum
724 1119 830 1165 rerum
847 1101 982 1168 Brutum
999 1117 1053 1165 eos
1069 1101 1264 1182 intellegere,

140 1221 224 1286 quos
246 1204 286 1269 de
313 1203 348 1269 C.-
370 1203 511 1270 Antonio
538 1207 630 1284 capto
658 1203 792 1268 Romam
819 1202 953 1283 miserit,
982 1209 1055 1270 sunt
1083 1203 1165 1268 enim
1192 1210 1265 1284 post

137 1305 266 1390 perlati,
290 1324 385 1388 quam
407 1305 484 1372 data
506 1309 554 1370 est
575 1305 677 1386 prima
698 1305 754 1370 illa
776 1304 937 1370 Ciceronis
964 1305 1106 1387 epistola·
1154 1306 1198 1369 At
1225 1305 1264 1370 de

137 1413 246 1474 morte
268 1409 418 1474 Trebonii
438 1409 501 1474 iam
523 1413 599 1474 tunc
621 1407 758 1472 scribere
780 1412 916 1489 poterat.
970 1407 1103 1473 Poterat
1126 1407 1261 1489 quidem,

137 1512 199 1578 sed
221 1513 254 1576 in
275 1511 334 1576 hac
355 1529 390 1576 re
412 1510 454 1575 ad
474 1509 574 1592 ipsius
595 1509 693 1575 verba
715 1508 762 1592 (II
786 1511 814 1589 l,
837 1509 870 1588 3)
893 1509 1039 1576 reicimur
1060 1508 1152 1574 haec:
1176 1515 1264 1590 ,acta

137 1631 224 1696 quae
245 1614 309 1678 sint
330 1630 474 1695 quaeque
494 1616 638 1694 agantur,
672 1611 737 1676 scio
764 1610 917 1694 perscribi
944 1612 985 1676 ad
1011 1617 1044 1676 te
1066 1610 1262 1692 diligenter“;

135 1717 174 1781 in
196 1716 277 1782 actis
298 1714 381 1781 enim
401 1714 464 1780 illis
486 1714 585 1796 ipsius
607 1731 732 1796 quoque
753 1714 929 1780 sententiae
950 1719 1050 1794 erant,
1075 1731 1153 1795 quas
1168 1715 1262 1796 paulo

136 1824 217 1884 ante
234 1817 321 1882 etde
339 1821 442 1882 morte
458 1816 608 1882 Trebonii
623 1821 657 1880 et
672 1816 712 1880 de
722 1816 890 1880 Dolabella
900 1816 1117 1898 persequendo
1129 1816 1262 1896 dixerat,

139 1937 287 2004 quaeque
309 1919 453 1984 oratione
474 1919 557 1984 Phil.
579 1918 626 1984 XI
659 1918 871 1985 continentur.
924 1919 1030 1998 Atque
1051 1919 1169 1984 Brutus
1192 1935 1263 1984 cum

140 2022 349 2107 consilium
372 2020 532 2086 Ciceronis
553 2025 626 2102 post
647 2020 776 2084 nuntios
800 2019 873 2082 illos
894 2007 1001 2084 rerum
1021 2037 1148 2084 suarum
1170 2025 1202 2084 11
1223 2020 1263 2084 de

140 2129 245 2190 morte
266 2123 416 2190 Trebonii
437 2139 471 2188 se
493 2121 674 2186 desiderare
696 2120 816 2198 scribit,
849 2120 929 2184 nihil
949 2120 1016 2201 agit
1028 2120 1123 2185 aliud
1144 2120 1205 2184 nisi
1225 2126 1262 2183 ut

142 2227 230 2290 illum
253 2225 405 2305 consulat,
428 2225 511 2289 sitne
533 2222 594 2287 sibi
616 2240 768 2306 oppresso
790 2222 853 2287 iarn
875 2221 911 2287 C.
922 2222 1063 2286 'Antonio
1086 2239 1170 2286 mors
1185 2222 1261 2286 Tre-

142 2328 231 2394 bonii
251 2327 431 2394 ulciscenda
452 2331 485 2392 11
505 2324 673 2390 Dolabella
694 2325 777 2391 bello
799 2325 1042 2406 persequendus.
1079 2325 1148 2390 Hoc
1170 2329 1202 2389 et
1222 2324 1261 2389 iis

139 2429 346 2496 confirmatur
374 2447 455 2511 quae
480 2429 514 2493 in
541 2428 602 2493 hac
628 2428 762 2509 epistola
783 2429 901 2494 Brutus
927 2427 1074 2509 deinceps
1096 2427 1206 2493 scribit
1228 2432 1261 2492 et

144 2550 225 2613 quae
251 2532 362 2598 Cicero
396 2533 458 2614 (ep.
481 2530 515 2596 11
540 2532 570 2609 4,
599 2529 633 2612 3)
667 2531 709 2596 ad
734 2530 812 2596 haec
838 2529 908 2613 ipsa
932 2529 1105 2596 rescribere
1136 2529 1261 2594 videtur

142 2633 235 2698 baec:
268 2635 317 2718 ,id
338 2634 366 2698 si
385 2634 433 2700 ita
453 2637 501 2698 111
536 2634 577 2716 (11
598 2632 764 2699 Dolabella
790 2632 898 2698 Asiam
923 2632 1074 2714 reliquit),
1106 2632 1177 2698 istic
1202 2631 1262 2696 tibi

142 2753 255 2802 censeo
278 2735 545 2814 commorandum,
568 2735 617 2800 sin
639 2752 709 2800 eam
730 2735 827 2800 semel
849 2735 941 2817 cepit,
964 2734 1041 2800 mihi
1062 2734 1164 2815 crede,
1198 2753 1262 2799 non

140 2839 214 2918 erit,
247 2844 282 2904 at
302 2839 336 2903 in
357 2838 466 2907 Asiam
488 2854 600 2903 censeo
627 2836 893 2917 persequendum:
926 2836 1006 2900 1111111
1038 2836 1114 2903 mihi
1145 2837 1261 2902 videris

138 2941 204 3006 hoc
225 2948 367 3023 tempore
388 2941 500 3005 melius
521 2938 675 3004 actmus¹‘.
729 2939 812 3002 Nam
840 2956 917 3020 quas
945 2955 979 3002 se
1000 2938 1117 3002 Brutus
1138 2938 1261 3003 litteras

139 3043 305 3110 Ciceronis
333 3047 515 3124 exspectare
542 3040 661 3121 scribit,
695 3058 749 3105 eas
776 3040 852 3122 quin
878 3045 954 3104 tunc
980 3039 1131 3121 temporis
1158 3041 1261 3104 nullas

135 3147 307 3230 acceperit,
329 3163 421 3211 nemo
443 3144 612 3225 dubitabit,
635 3143 689 3226 qui
710 3141 792 3208 hanc
814 3142 980 3226 epistolam
1003 3159 1074 3206 cum
1096 3159 1143 3220 ea,
1166 3160 1261 3223 quarn

137 3249 253 3314 Cicero
281 3248 340 3314 hac
367 3253 497 3329 accepta
523 3265 597 3312 mox
623 3246 785 3328 rescripsit
806 3245 855 3328 (II
876 3245 923 3328 4),
956 3245 1051 3326 paulo
1084 3243 1261 3308 accuratius

136 3351 380 3432 comparaverit.
1188 3328 1195 3346 ⁸

245 3455 333 3533 Quae
353 3459 421 3518 tum
444 3453 482 3518 de
504 3452 615 3532 amico
628 3449 777 3531 socioque
799 3449 1025 3515 coniurationis
1048 3447 1261 3514 crudelissime

137 3556 363 3638 occiso'quam
391 3555 585 3639 paucissimis
613 3559 846 3630 commemorat,
878 3553 1039 3636 praeclare
1066 3555 1098 3616 et
1123 3550 1261 3632 philoso-

134 3657 238 3743 phum
260 3659 394 3725 stoicum
416 3663 448 3724 et
469 3658 568 3724 ciuem
589 3673 662 3722 vere
684 3655 861 3721 Romanum
889 3655 1012 3722 decent.
1066 3655 1154 3733 Quae
1185 3670 1260 3718 vero

134 3797 345 3808 ..----

245 3859 445 3930 Dfflpffi

243 3948 267 4015 ²)
293 3947 348 4001 Cur
366 3952 458 4001 autam
477 3945 512 4001 de
530 3951 645 4015 accepta
661 3943 712 3997 illa
732 3941 853 4012 epistola
870 3942 944 3997 nihil
966 3942 1078 4006 scribat,
1099 3941 1160 3995 loco
1179 3941 1260 3996 modo

137 4031 228 4087 allato
247 4031 322 4099 (adn.
340 4032 370 4101 2)
388 4030 612 4102 significavimus.

242 4117 456 4186 chpffl

242 4202 461 4272 Dlapm
