3048 4850
298 286 339 350 66

356 473 515 540 Orationis
528 475 621 540 huius
636 474 786 556 epistolae
800 475 1000 557 explicandae
1021 475 1083 542 alia
1097 477 1179 542 ratio
1201 480 1250 542 est
1269 479 1367 556 atquo

254 595 463 660 eorumquae
484 597 503 641 a
525 577 676 643 Cicerone
697 582 771 642 sunt
791 577 935 659 scriptae,
957 597 1030 643 uam
1045 578 1182 660 exceptis
1203 577 1370 660 perpaucis

252 678 393 761 epistolis
403 679 425 760 ¹)
452 679 541 744 nula
560 679 650 744 Bruti
671 683 797 744 exstant
817 680 942 761 scripta,
976 699 1015 745 ex
1041 680 1154 762 quibus
1177 678 1367 748 dedicandi

252 797 366 860 genere
388 781 454 845 eius
476 781 603 862 proprio
626 780 791 862 quicquam
815 781 893 850 certi
914 782 1063 848 constitui
1084 780 1225 863 possiti).
1280 780 1370 846 Nou·

252 882 339 948 nulla
359 887 465 948 umen
485 883 519 947 in
540 883 599 947 hac
620 882 754 964 epistola
777 882 895 963 insunt,
929 902 1010 966 quae
1040 884 1149 965 paucis
1179 884 1370 950 illustranda

252 985 429 1050 videantm.

354 1086 372 1168 §
397 1088 425 1151 1.
467 1087 588 1152 Valde
619 1090 813 1168 exspecto:
846 1087 997 1168 inopi
1027 1088 1104 1162 6,“2
1135 1088 1218 1152 idom
1250 1088 1370 1152 Brutus

252 1189 361 1255 scribit
384 1207 476 1270 ,rogo
498 1194 529 1254 te
551 1189 731 1271 etquidem
757 1189 849 1254 valde
874 1188 979 1270 r0g0“,
1004 1207 1084 1270 quae
1106 1207 1214 1254 eorum
1236 1195 1371 1254 mouent

252 1309 332 1373 quae
355 1291 521 1357 Caesarem
542 1292 582 1357 de
604 1309 640 1358 eo
664 1291 767 1364 dicere
787 1291 915 1357 solitum
938 1291 1047 1357 Oicero
1077 1291 1159 1376 (litt.
1180 1292 1256 1358 XIV
1279 1294 1308 1371 1,
1331 1294 1371 1372 2)

252 1391 361 1460 affert:
383 1394 504 1475 ,magni
524 1394 622 1460 refert
642 1394 694 1459 hic
716 1394 791 1475 quid
812 1394 896 1472 velit,
926 1394 981 1458 sed
1008 1394 1159 1476 quidquid
1186 1393 1254 1458 uult
1275 1393 1371 1458 valde

251 1495 344 1561 vult“.
367 1531 409 1544 -
431 1514 523 1577 quas
545 1497 756 1576 scripsisti:
790 1496 973 1576 simpliciter
999 1514 1075 1562 sane
1103 1496 1304 1577 breviterque
1325 1496 1370 1562 do

249 1599 363 1663 littoris
380 1599 567 1680 exspectatis
578 1598 709 1678 diotum3
733 1597 842 1663 Cicero
857 1598 924 1664 sine
939 1597 1034 1663 dubio
1051 1615 1145 1681 ,quas
1159 1615 1224 1662 uon
1239 1598 1365 1677 dubito,

252 1699 327 1781 quin
349 1699 525 1780 scripseris“
547 1701 598 1764 vel
612 1699 676 1766 tale
694 1701 770 1781 quid
784 1700 922 1766 dixisset.
947 1735 986 1748 -·
1009 1719 1119 1782 quam
1142 1700 1366 1780 (provinciam)

250 1803 476 1882 recuperari
497 1801 609 1867 facile
632 1806 703 1866 est:
733 1801 868 1866 conferri
889 1807 1022 1883 possunt
1047 1820 1128 1883 quae
1150 1800 1252 1866 Pollio
1276 1802 1364 1884 (fam.

249 1905 352 1982 Χ31,
374 1905 411 1982 6)
440 1903 478 1968 de
505 1904 672 1986 provinciis
705 1903 813 1970 scribit
846 1921 943 1986 ,quae
975 1905 1159 1985 praesertim
1192 1903 1356 1984 reciperari

249 2006 335 2073 nullo
348 2006 634 2087 negotiopossint“;
656 2011 837 2072 recte-vero
853 2007 996 2088 Meyerus
1018 2012 1126 2072 monet
1147 2007 1232 2087 apud
1257 2005 1359 2088 ,laede

249 2109 311 2176 est‘
346 2109 558 2174 accusativum
590 2127 661 2174 oum
692 2107 845 2174 infinitivo
872 2127 929 2189 pro
956 2109 1023 2174 solo
1050 2107 1205 2172 infinitivo
1235 2125 1364 2190 perraro

248 2227 333 2292 pour.

351 2314 421 2397 §d
466 2314 621 2396 Syriam,
656 2313 827 2394 legiones
861 2313 1042 2394 Syriacas
1063 2347 1104 2360 —
1126 2313 1173 2377 ad
1194 2313 1368 2379 Tertiam

248 2433 418 2482 sororem
451 2421 488 2482 et
519 2422 689 2480 matrem:
721 2414 868 2480 facillima
894 2413 1020 2495 quidem
1054 2413 1155 2479 altero
1180 2415 1249 2480 looc
1290 2414 1369 2478 addi

247 2522 353 2599 potest
375 2519 454 2599 ,ac“,
488 2518 586 2582 altere
619 2517 752 2582 alterum
785 2515 903 2598 ,ad“³),
936 2514 993 2580 sad
1018 2515 1122 2580 nescio
1150 2534 1191 2579 an
1212 2517 1245 2580 in
1267 2517 1366 2582 Bruti
1459 2549 1464 2560 ·

248 2619 381 2702 epistola
402 2637 440 2684 ex
462 2619 613 2683 concinno
634 2635 694 2682 usu
709 2617 853 2682 Tulliano
873 2635 937 2683 uon
958 2622 1044 2682 recto
1065 2617 1240 2696 addantur;
1261 2637 1372 2700 noque

248 2721 414 2803 quicquam
436 2721 542 2785 obstat
561 2721 727 2802 quominus
749 2720 898 2786 hocloco
921 2719 960 2784 de
981 2737 1044 2784 uua
1065 2720 1200 2801 epistola
1223 2724 1256 2785 et
1280 2738 1370 2786 com-

247 2825 332 2888 muni
356 2824 398 2888 ad
419 2840 558 2888 sororem
580 2828 612 2888 et
632 2828 764 2888 matrem
785 2824 880 2888 missa
902 2823 1085 2903 cogitemus.
1106 2857 1148 2870 -
1169 2823 1240 2887 hoe
1262 2823 1367 2904 quod

248 2959 288 2974 -·
315 2926 437 3006 gessit
464 2925 633 2992 Cassius:
667 2945 705 2990 ex
736 2945 796 2992 usu
823 2925 967 2992 Tulliano
999 2925 1129 3006 pluralis
1161 2924 1368 2990 desideratur

246 3046 404 3106 numerus,
427 3029 513 3093 velut
533 3029 600 3110 ipse
622 3028 743 3107 Cicero,
766 3046 836 3092 cum
858 3026 899 3090 ad
919 3026 997 3092 hoec
1018 3027 1188 3108 respondet
1208 3026 1299 3108 (114,
1312 3026 1366 3108 5),

248 3150 302 3214 ,ea
325 3149 405 3212 quae
427 3135 516 3211 gesta
537 3149 556 3194 a
578 3131 686 3196 Cassio
709 3130 830 3195 essent‘
853 3128 970 3193 scribit.

350 3233 414 3314 64.
436 3233 598 3311 Quarum
619 3231 745 3298 altera
765 3231 846 3296 Kal.
865 3231 886 3296 J
891 3249 945 3295 au.
969 3248 1060 3296 usus
1083 3249 1134 3311 es,
1158 3232 1290 3297 altera
1311 3232 1366 3298 de

246 3335 393 3400 litteris
415 3324 522 3400 meis:
544 3335 620 3398 dicit
641 3332 818 3415 ueyonoq
840 3332 1027 3400 vocabulum
1048 3335 1133 3415 quod
1156 3339 1204 3399 est
1227 3335 1368 3417 ,altera“

246 3436 420 3520 posteriore
441 3437 511 3502 loco
532 3436 670 3517 positum
684 3439 845 3517 tamquam
867 3433 1012 3524 partoque
1035 3436 1153 3502 anullo
1168 3436 1266 3501 verbo
1281 3453 1366 3518 pen.-

349 3659 373 3724 ¹)
398 3657 512 3711 Praeter
525 3671 572 3710 eas
583 3670 652 3724 quae
664 3656 695 3708 iu
707 3656 751 3709 his
764 3657 940 3725 epistolarum
953 3656 1033 3710 libris
1043 3661 1107 3710 sunt
1116 3671 1133 3710 a
1142 3657 1227 3714 Bruto
1239 3657 1365 3725 scriptae

247 3742 334 3810 (113;
353 3742 408 3807 14,
426 3743 451 3807 6,
469 3741 493 3806 7,
512 3741 553 3807 11,
571 3741 612 3806 13,
631 3740 684 3808 [ia
702 3740 761 3809 17])
780 3740 850 3796 duae
868 3741 943 3796 solae
967 3746 1076 3795 exstant
1097 3740 1173 3807 (fam.
1191 3742 1231 3795 XI
1249 3742 1266 3795 2
1284 3747 1312 3796 et
1328 3742 1366 3810 3)

247 3841 263 3880 a
274 3828 359 3882 Bruto
378 3833 407 3882 et
419 3829 513 3882 Cassio
532 3827 620 3892 datae,
639 3841 692 3894 quo
704 3825 858 3895 fragmenta
869 3825 1004 3881 accedunt
1016 3840 1082 3881 sane
1095 3825 1196 3894 exigua
1214 3826 1270 3892 (ed.
1286 3826 1368 3883 Bait.

248 3917 275 3965 et
293 3913 376 3982 Kays.
394 3913 446 3967 vol.
464 3913 504 3967 XI
520 3929 547 3982 p.
564 3913 599 3967 45
616 3915 676 3980 sq).

348 4001 372 4066 ²)
399 3997 446 4052 Gfr
464 3997 498 4053 de
516 3999 569 4053 hac
585 4015 615 4054 re
633 3999 737 4067 Meyer.
756 3997 773 4050 l.
793 4013 816 4050 o.
834 4013 860 4064 p.
879 3995 928 4050 lat
947 4013 1004 4066 sqq.

347 4084 370 4152 ³)
399 4081 446 4138 Cir
464 4083 642 4153 Wesenberg.
668 4081 784 4137 Emond.
804 4081 907 4136 alterae
924 4098 951 4151 p.
971 4082 1027 4136 147.

346 4169 370 4236 ⁴)
398 4167 416 4223 l.
435 4185 458 4222 o.
476 4185 502 4238 p.
521 4169 578 4223 140.

1269 4265 1375 4430 q

1507 3868 1519 3993 l
