3082 4856
1177 295 1220 362 43

240 484 319 550 (lum
352 489 459 550 autem
489 484 524 549 in
550 501 588 550 eo
617 483 780 550 offendant
807 483 952 549 homines
979 483 1075 563 docti,
1105 484 1190 566 quod
1223 483 1265 548 ad

124 591 261 668 tempus
282 604 345 668 quo
368 586 445 651 data
466 591 514 651 est
535 586 615 651 haec
636 585 771 668 epistole
797 603 910 668 pamm
939 591 1016 668 apta
1042 586 1107 650 sint
1127 587 1184 652 illa
1204 586 1265 652 Le·

125 689 199 771 pidi
224 688 365 768 crimina,
388 693 560 770 questum
587 687 714 752 demum
743 705 815 752 cum
841 688 980 769 proditio
1007 689 1076 754 eius
1102 688 1265 772 patefacta

33 849 34 856 ,
125 796 219 856 esset
243 809 263 856 a
284 790 438 856 Cicerone
459 791 528 856 iure
551 790 635 855 obici
656 789 828 872 potuerint,
850 790 946 872 paulo
967 790 1112 874 pluribus
1134 791 1266 858 dstote

32 913 34 994 i
125 911 163 959 re
188 892 286 958 nobis
308 893 569 975 egereliceat1).

32 4243 34 4270 t

32 4285 34 4328 l

238 997 281 1061 Et
302 996 413 1061 Planci
435 1002 467 1062 et
488 995 602 1078 Lepidi
623 995 734 1061 eadem
749 1001 819 1061 erat
834 996 987 1062 condicio.
1015 995 1112 1062 Suam
1131 1002 1265 1079 uterquc

124 1097 258 1164 Galliac
293 1098 454 1164 ulterioris
488 1103 612 1180 partem
653 1116 726 1163 curn
763 1098 896 1181 imperio
936 1098 1110 1178 obtinebat,
1148 1117 1264 1181 magno

125 1207 269 1282 uterque
283 1201 332 1265 rei
348 1199 495 1282 publicae
510 1201 667 1284 praesidio
685 1218 754 1266 esse
777 1217 926 1282 magnum
940 1201 981 1266 D.
996 1201 1097 1266 Bruto
1113 1201 1265 1268 auxilium

125 1303 214 1370 ferre
238 1307 375 1386 poterat.
419 1303 464 1367 At
491 1308 617 1386 poteret
644 1307 779 1386 uterque
806 1303 848 1368 ad
875 1304 1033 1368 Mutinam
1060 1303 1156 1369 rebus
1182 1303 1265 1370 bene

128 1407 231 1489 gestis
254 1405 409 1488 optimum
432 1406 571 1471 Antonio
595 1407 829 1488 receptaculum
851 1405 1005 1487 praebere
1019 1406 1200 1488 bellumque
1215 1424 1265 1472 re-

130 1526 261 1576 novare.
306 1509 356 1573 De
376 1508 542 1590 utriusque
568 1509 603 1572 in
622 1527 690 1574 rem
717 1509 877 1591 publicam
904 1509 1010 1574 animo
1032 1509 1101 1574 iure
1124 1508 1265 1574 dubitari

131 1615 270 1694 poterat,
293 1628 392 1691 quare
413 1615 547 1691 uterque
570 1610 725 1692 Ciceroni,
748 1616 902 1692 quantum
922 1609 991 1676 deri
1006 1616 1123 1693 posset,
1140 1616 1209 1676 erat
1223 1611 1265 1676 ad

134 1712 291 1778 bonorum
313 1717 421 1792 partes
442 1711 628 1777 trahendus.
672 1713 754 1778 omn
775 1718 883 1778 autem
902 1713 988 1779 inter
1009 1731 1064 1778 eos
1085 1714 1146 1779 hoc
1167 1714 1265 1780 inter-

137 1821 227 1894 esset,
250 1813 338 1897 quod
358 1815 441 1879 alter
462 1815 635 1880 consularis
658 1815 752 1882 homo
775 1817 808 1882 in
834 1815 1018 1897 republica
1039 1817 1174 1882 multum
1196 1834 1265 1880 ver-

138 1924 223 1983 satus
243 1935 423 2000 magnaque
445 1918 635 1982 auctoritate
662 1924 755 1998 esset,
783 1919 865 1984 alter
891 1919 1009 1984 minor*
1023 1923 1103 1984 netu
1123 1919 1265 1984 nondum

143 2021 180 2084 ad
209 2037 347 2086 summos
380 2020 568 2084 ascenderat
599 2020 737 2085 honores
769 2037 872 2101 neque
904 2021 1040 2085 multum
1073 2021 1265 2086 auctoritate

146 2123 270 2203 ualebat,
294 2122 406 2188 Cicero
428 2122 525 2186 aliam
547 2122 590 2186 ad
609 2128 781 2204 utrumque
802 2123 844 2187 ad
867 2123 1110 2205 rempublicam
1125 2124 1264 2188 allicien-

150 2221 215 2288 dmn
233 2226 393 2306 ingressus
415 2229 464 2288 est
485 2224 578 2290 viam
607 2223 737 2302 Quanto
756 2224 858 2289 maius
880 2244 900 2291 a
921 2224 1041 2308 Lepido
1057 2225 1264 2307 reipublicae

142 2325 307 2406 periculum
329 2325 516 2405 immineret,
539 2326 567 2392 si
588 2345 660 2392 cum
675 2327 814 2392 Antonio
828 2327 964 2407 iecisset,
984 2333 1076 2393 tanto
1091 2329 1265 2394 maioribus

139 2428 225 2494 ineo
247 2430 402 2496 utendum
424 2446 493 2494 esse
514 2429 727 2496 incitamentis
750 2430 862 2496 Cicero
885 2430 1059 2496 arbitratus
1079 2432 1144 2496 iam
1158 2432 1265 2514 priore

139 2549 216 2597 anno
239 2538 375 2598 exeunte
399 2531 455 2616 ,de
477 2532 544 2597 eius
571 2533 693 2598 honore
721 2533 973 2598 extraordinario
1002 2535 1119 2599 cotidie
1146 2534 1266 2616 aliquid

139 2634 351 2718 cogitabat“⁹)
386 2640 483 2716 atque
509 2635 582 2700 Kal.
608 2635 678 2700 Ian.
705 2635 843 2700 honores
871 2653 967 2717 quam
994 2637 1205 2718 amplissimos
1232 2641 1265 2703 st

135 2737 391 2804 inusitatissimos
411 2737 446 2802 in
468 2743 582 2804 senatu
603 2737 752 2816 decrevit,
764 2735 791 2819 ³)
821 2737 912 2818 eique
934 2756 1082 2804 assensus
1103 2745 1153 2805 est
1174 2757 1265 2804 sena·

134 2844 193 2921 tus,
217 2841 366 2906 nimirum
389 2840 464 2922 quia
486 2839 535 2922 ,in
557 2839 726 2904 excitando
747 2845 780 2904 et
807 2839 949 2904 acuendo
976 2841 1147 2922 plurimum
1168 2842 1264 2922 valet,

133 2943 159 3008 si
179 2942 293 3008 laudes
314 2961 386 3008 eum
408 2959 502 3024 quem
525 2941 706 3007 cohorterc“
730 2940 817 3025 (fem.
833 2941 893 3006 XV
907 2943 960 3018 21,
974 2943 1020 3024 4).
1064 2943 1175 3008 Planci
1189 2960 1264 3009 vero

133 3047 275 3112 animum
318 3045 434 3110 litteris
477 3045 591 3110 dandis
628 3045 675 3109 rei
712 3043 859 3125 publicae
899 3045 1067 3110 conciliare
1104 3046 1264 3111 studebat.

133 3149 277 3228 Quorum
298 3148 330 3212 in
352 3148 468 3212 litteris
487 3147 606 3212 mutuis
620 3147 660 3212 iis
674 3165 810 3229 quoque,
826 3164 908 3229 quae
922 3147 1052 3212 ineunte
1075 3165 1157 3212 anno
1181 3167 1209 3213 a.
1232 3167 1263 3214 u.

133 3269 159 3316 c.
184 3253 247 3318 ‘111
270 3251 312 3334 (a.
335 3250 393 3334 43)
416 3269 436 3315 a
461 3249 614 3316 Cicerone
635 3255 785 3334 acceptae
803 3250 979 3333 scripteeve
1000 3256 1084 3329 sunt,
1111 3251 1265 3317 nonnulla

133 3359 261 3420 exstant
288 3372 370 3437 quae
396 3353 439 3418 ad
465 3353 548 3418 hanc
575 3353 615 3418 dc
644 3372 707 3435 qua
734 3354 856 3434 aginus
882 3352 996 3435 Lepidi
1017 3371 1146 3418 causam
1167 3353 1265 3437 perti·

133 3475 210 3522 nere
232 3457 409 3523 videantur.

238 3647 261 3715 ¹)
293 3645 434 3700 Tunstalli
465 3651 494 3701 et
525 3643 686 3700 Marklandi
717 3643 928 3698 criminationes
958 3644 1102 3713 praeclare
1132 3642 1265 3698 refutavit

134 3731 315 3788 Hermannns
333 3732 403 3801 (Zur
420 3730 531 3788 Rechts.
550 3730 578 3785 ΙΙ
595 3747 622 3799 p.
645 3729 679 3784 12
702 3731 781 3799 sqq.)
801 3758 832 3767 —
852 3729 884 3782 In
902 3728 1098 3783 Marklandum
1120 3728 1163 3782 cfr
1180 3730 1264 3784 etiam

136 3819 229 3874 Cobet.
251 3817 268 3873 l.
288 3834 311 3872 c.
330 3835 356 3887 p.
375 3818 427 3874 265
445 3832 504 3888 sqq.
522 3846 555 3858 -
573 3815 724 3884 Postquam
743 3822 836 3870 autem
853 3813 984 3884 Meyerus
1002 3814 1114 3868 easdem
1126 3813 1192 3870 illas
1211 3817 1265 3872 cri·

135 3904 300 3958 minationes
318 3904 434 3973 repetiit
452 3901 484 3970 (l.
503 3918 526 3956 c.
545 3919 571 3972 p.
590 3901 624 3955 12
642 3901 704 3969 sq),
724 3902 787 3967 etsi,
806 3905 939 3969 quantum
951 3898 1041 3965 rideo,
1060 3899 1131 3954 nibil
1149 3917 1264 3968 prorsus

136 3991 201 4044 nori
218 3988 338 4060 protulit
354 3995 402 4045 aut
420 3988 494 4058 quod
511 3988 688 4044 Hermannus
703 4002 758 4041 non
771 3987 839 4042 satis
851 3987 907 4040 iam
919 3984 1078 4051 refellisset,
1091 3992 1183 4042 tamen
1196 4003 1264 4041 non·

137 4073 215 4129 nulla
233 4075 260 4128 el
277 4074 409 4129 ridentur
426 4072 629 4143 respondenda.

240 4161 264 4228 ¹)
282 4159 330 4216 Gir
346 4159 418 4216 Phil.
437 4159 487 4214 ΙΙΙ.
505 4159 546 4212 23.

239 4247 263 4314 ³)
282 4244 352 4299 Phil.
371 4244 396 4300 V
413 4243 448 4299 38
466 4260 524 4313 sqq.
