<?xml version="1.0" encoding="UTF-8"?>
<!DOCTYPE html PUBLIC "-//W3C//DTD XHTML 1.0 Transitional//EN"
    "http://www.w3.org/TR/xhtml1/DTD/xhtml1-transitional.dtd">
<html xmlns="http://www.w3.org/1999/xhtml" xml:lang="en" lang="en">
 <head>
  <title>
</title>
<meta http-equiv="Content-Type" content="text/html;charset=utf-8" />
  <meta name='ocr-system' content='tesseract 3.04.00' />
  <meta name='ocr-capabilities' content='ocr_page ocr_carea ocr_par ocr_line ocrx_word'/>
</head>
<body>
  <div class='ocr_page' id='page_1' title='image "./deciceronisadbr00cicegoog_0021.png"; bbox 0 0 3082 4856; ppageno 0'>
   <div class='ocr_carea' id='block_1_1' title="bbox 266 291 308 356">
    <p class='ocr_par' dir='ltr' id='par_1_1' title="bbox 266 291 308 356">
     <span class='ocr_line' id='line_1_1' title="bbox 266 291 308 356; baseline 0.024 -1"><span class='ocrx_word' id='word_1_1' title='bbox 266 291 308 356; x_wconf 90' lang='lat'>14</span> 
     </span>
    </p>
   </div>
   <div class='ocr_carea' id='block_1_2' title="bbox 218 475 1358 1070">
    <p class='ocr_par' dir='ltr' id='par_1_2' title="bbox 218 475 1358 1070">
     <span class='ocr_line' id='line_1_2' title="bbox 220 475 1356 568; baseline 0.004 -29"><span class='ocrx_word' id='word_1_2' title='bbox 220 475 316 540; x_wconf 89' lang='lat' dir='ltr'>rebus</span> <span class='ocrx_word' id='word_1_3' title='bbox 338 495 361 568; x_wconf 87' lang='grc'>1</span> <span class='ocrx_word' id='word_1_4' title='bbox 378 477 479 541; x_wconf 90' lang='lat' dir='ltr'>Bruto</span> <span class='ocrx_word' id='word_1_5' title='bbox 501 476 600 557; x_wconf 85' lang='lat' dir='ltr'>gestis</span> <span class='ocrx_word' id='word_1_6' title='bbox 621 494 662 541; x_wconf 91' lang='lat' dir='ltr'>ne</span> <span class='ocrx_word' id='word_1_7' title='bbox 683 494 828 558; x_wconf 82' lang='lat' dir='ltr'>sperasse</span> <span class='ocrx_word' id='word_1_8' title='bbox 851 478 979 559; x_wconf 92' lang='lat' dir='ltr'>quidem</span> <span class='ocrx_word' id='word_1_9' title='bbox 994 476 1120 543; x_wconf 83' lang='lat' dir='ltr'>docent.</span> <span class='ocrx_word' id='word_1_10' title='bbox 1148 479 1261 560; x_wconf 86' lang='lat' dir='ltr'>Neque</span> <span class='ocrx_word' id='word_1_11' title='bbox 1275 496 1356 544; x_wconf 84' lang='lat' dir='ltr'>vero</span> 
     </span>
     <span class='ocr_line' id='line_1_3' title="bbox 220 577 1358 660; baseline 0.005 -19"><span class='ocrx_word' id='word_1_12' title='bbox 220 578 349 642; x_wconf 93' lang='lat' dir='ltr'>omnino</span> <span class='ocrx_word' id='word_1_13' title='bbox 371 578 405 642; x_wconf 92' lang='lat' dir='ltr'>in</span> <span class='ocrx_word' id='word_1_14' title='bbox 426 577 482 642; x_wconf 92' lang='lat' dir='ltr'>illa</span> <span class='ocrx_word' id='word_1_15' title='bbox 503 578 648 643; x_wconf 91' lang='lat' dir='ltr'>oratione</span> <span class='ocrx_word' id='word_1_16' title='bbox 675 597 757 659; x_wconf 91' lang='lat' dir='ltr'>quae</span> <span class='ocrx_word' id='word_1_17' title='bbox 779 580 819 643; x_wconf 95' lang='lat' dir='ltr'>de</span> <span class='ocrx_word' id='word_1_18' title='bbox 845 580 941 644; x_wconf 89' lang='lat' dir='ltr'>rebus</span> <span class='ocrx_word' id='word_1_19' title='bbox 967 580 1061 644; x_wconf 83' lang='lat' dir='ltr'><strong>Bruti</strong></span> <span class='ocrx_word' id='word_1_20' title='bbox 1088 581 1186 660; x_wconf 81' lang='lat' dir='ltr'>gestis</span> <span class='ocrx_word' id='word_1_21' title='bbox 1215 599 1358 646; x_wconf 80' lang='lat' dir='ltr'>comme-</span> 
     </span>
     <span class='ocr_line' id='line_1_4' title="bbox 220 681 1358 762; baseline 0.003 -17"><span class='ocrx_word' id='word_1_22' title='bbox 220 685 334 760; x_wconf 82' lang='lat' dir='ltr'>morat,</span> <span class='ocrx_word' id='word_1_23' title='bbox 358 698 468 744; x_wconf 90' lang='lat' dir='ltr'>eorum</span> <span class='ocrx_word' id='word_1_24' title='bbox 491 681 660 761; x_wconf 87' lang='lat' dir='ltr'>quicquam</span> <span class='ocrx_word' id='word_1_25' title='bbox 687 681 810 746; x_wconf 85' lang='lat' dir='ltr'>nisiex</span> <span class='ocrx_word' id='word_1_26' title='bbox 836 681 972 762; x_wconf 90' lang='lat' dir='ltr'>publicis</span> <span class='ocrx_word' id='word_1_27' title='bbox 998 683 1113 747; x_wconf 90' lang='lat' dir='ltr'>litteris</span> <span class='ocrx_word' id='word_1_28' title='bbox 1140 683 1284 748; x_wconf 86' lang='lat' dir='ltr'>hausisse</span> <span class='ocrx_word' id='word_1_29' title='bbox 1304 685 1358 748; x_wconf 75' lang='lat' dir='ltr'>vi·</span> 
     </span>
     <span class='ocr_line' id='line_1_5' title="bbox 220 782 1356 866; baseline 0.003 -19"><span class='ocrx_word' id='word_1_30' title='bbox 220 782 363 864; x_wconf 72' lang='grc'><strong>01011111).</strong></span> <span class='ocrx_word' id='word_1_31' title='bbox 407 782 496 847; x_wconf 88' lang='lat' dir='ltr'>Idem</span> <span class='ocrx_word' id='word_1_32' title='bbox 518 783 552 846; x_wconf 93' lang='lat' dir='ltr'>in</span> <span class='ocrx_word' id='word_1_33' title='bbox 574 801 613 848; x_wconf 92' lang='lat' dir='ltr'>ea</span> <span class='ocrx_word' id='word_1_34' title='bbox 634 784 729 862; x_wconf 86' lang='lat' dir='ltr'>eadit,</span> <span class='ocrx_word' id='word_1_35' title='bbox 758 802 840 864; x_wconf 91' lang='lat' dir='ltr'>quae</span> <span class='ocrx_word' id='word_1_36' title='bbox 868 785 955 848; x_wconf 89' lang='lat' dir='ltr'>etin</span> <span class='ocrx_word' id='word_1_37' title='bbox 977 785 1113 866; x_wconf 92' lang='lat' dir='ltr'>epistola</span> <span class='ocrx_word' id='word_1_38' title='bbox 1133 785 1189 850; x_wconf 88' lang='lat' dir='ltr'>illa</span> <span class='ocrx_word' id='word_1_39' title='bbox 1211 785 1252 848; x_wconf 91' lang='lat' dir='ltr'>ad</span> <span class='ocrx_word' id='word_1_40' title='bbox 1274 786 1356 850; x_wconf 50' lang='lat' dir='ltr'>Cas-¹</span> 
     </span>
     <span class='ocr_line' id='line_1_6' title="bbox 219 883 1356 969; baseline 0.004 -22"><span class='ocrx_word' id='word_1_41' title='bbox 219 883 301 947; x_wconf 90' lang='lat' dir='ltr'>sium</span> <span class='ocrx_word' id='word_1_42' title='bbox 324 887 356 947; x_wconf 96' lang='lat' dir='ltr'>et</span> <span class='ocrx_word' id='word_1_43' title='bbox 377 883 411 947; x_wconf 93' lang='lat' dir='ltr'>in</span> <span class='ocrx_word' id='word_1_44' title='bbox 434 883 578 948; x_wconf 89' lang='lat' dir='ltr'>oratione</span> <span class='ocrx_word' id='word_1_45' title='bbox 599 885 778 966; x_wconf 88' lang='lat' dir='ltr'>Philippica</span> <span class='ocrx_word' id='word_1_46' title='bbox 798 885 846 949; x_wconf 90' lang='lat' dir='ltr'>XI</span> <span class='ocrx_word' id='word_1_47' title='bbox 874 885 914 950; x_wconf 92' lang='lat' dir='ltr'>de</span> <span class='ocrx_word' id='word_1_48' title='bbox 935 886 1036 950; x_wconf 93' lang='lat' dir='ltr'>Bruto</span> <span class='ocrx_word' id='word_1_49' title='bbox 1059 885 1159 966; x_wconf 78' lang='lat' dir='ltr'>affert,</span> <span class='ocrx_word' id='word_1_50' title='bbox 1182 887 1244 950; x_wconf 92' lang='lat' dir='ltr'>nisi</span> <span class='ocrx_word' id='word_1_51' title='bbox 1265 888 1356 969; x_wconf 90' lang='lat' dir='ltr'>quod</span> 
     </span>
     <span class='ocr_line' id='line_1_7' title="bbox 218 985 1357 1070; baseline 0.004 -21"><span class='ocrx_word' id='word_1_52' title='bbox 218 985 270 1049; x_wconf 89' lang='lat' dir='ltr'>hic</span> <span class='ocrx_word' id='word_1_53' title='bbox 291 985 445 1049; x_wconf 88' lang='lat' dir='ltr'>nonnulla</span> <span class='ocrx_word' id='word_1_54' title='bbox 467 1003 505 1049; x_wconf 86' lang='grc'>01</span> <span class='ocrx_word' id='word_1_55' title='bbox 526 985 612 1052; x_wconf 89' lang='lat' dir='ltr'>fama</span> <span class='ocrx_word' id='word_1_56' title='bbox 638 987 728 1051; x_wconf 91' lang='lat' dir='ltr'>addit</span> <span class='ocrx_word' id='word_1_57' title='bbox 739 985 782 1070; x_wconf 69' lang='grc'>2);</span> <span class='ocrx_word' id='word_1_58' title='bbox 806 987 921 1068; x_wconf 89' lang='lat' dir='ltr'>quibus</span> <span class='ocrx_word' id='word_1_59' title='bbox 947 987 1026 1052; x_wconf 91' lang='lat' dir='ltr'>locis</span> <span class='ocrx_word' id='word_1_60' title='bbox 1054 988 1210 1052; x_wconf 87' lang='lat' dir='ltr'>cumillis</span> <span class='ocrx_word' id='word_1_61' title='bbox 1233 990 1357 1054; x_wconf 72' lang='grc'><strong>011110·</strong></span> 
     </span>
    </p>
   </div>
   <div class='ocr_carea' id='block_1_3' title="bbox 66 1087 1357 1174">
    <p class='ocr_par' dir='ltr' id='par_1_3' title="bbox 66 1087 1357 1174">
     <span class='ocr_line' id='line_1_8' title="bbox 66 1087 1357 1174; baseline 0.002 -22"><span class='ocrx_word' id='word_1_62' title='bbox 66 1131 92 1147; x_wconf 34' lang='grc' dir='ltr'>ι.</span> <span class='ocrx_word' id='word_1_63' title='bbox 218 1087 268 1152; x_wconf 89' lang='lat' dir='ltr'>nis</span> <span class='ocrx_word' id='word_1_64' title='bbox 290 1087 320 1152; x_wconf 88' lang='lat' dir='ltr'>X</span> <span class='ocrx_word' id='word_1_65' title='bbox 342 1088 534 1168; x_wconf 88' lang='lat' dir='ltr'>comparatis</span> <span class='ocrx_word' id='word_1_66' title='bbox 557 1088 742 1174; x_wconf 79' lang='lat' dir='ltr'>Ciceronem</span> <span class='ocrx_word' id='word_1_67' title='bbox 768 1107 809 1154; x_wconf 91' lang='lat' dir='ltr'>ne</span> <span class='ocrx_word' id='word_1_68' title='bbox 829 1090 932 1155; x_wconf 89' lang='lat' dir='ltr'>Nonis</span> <span class='ocrx_word' id='word_1_69' title='bbox 954 1090 1079 1154; x_wconf 83' lang='lat' dir='ltr'>Martiis</span> <span class='ocrx_word' id='word_1_70' title='bbox 1091 1088 1118 1172; x_wconf 85' lang='lat'>³)</span> <span class='ocrx_word' id='word_1_71' title='bbox 1149 1092 1276 1171; x_wconf 91' lang='lat' dir='ltr'>quidem</span> <span class='ocrx_word' id='word_1_72' title='bbox 1298 1092 1357 1156; x_wconf 81' lang='lat' dir='ltr'>lit-</span> 
     </span>
    </p>
   </div>
   <div class='ocr_carea' id='block_1_4' title="bbox 213 1177 1379 3719">
    <p class='ocr_par' dir='ltr' id='par_1_4' title="bbox 214 1177 1379 2394">
     <span class='ocr_line' id='line_1_9' title="bbox 217 1177 1379 1273; baseline 0.001 -19"><span class='ocrx_word' id='word_1_73' title='bbox 217 1195 304 1254; x_wconf 85' lang='lat' dir='ltr'>teras</span> <span class='ocrx_word' id='word_1_74' title='bbox 337 1207 357 1253; x_wconf 90' lang='grc'>1</span> <span class='ocrx_word' id='word_1_75' title='bbox 388 1189 489 1254; x_wconf 91' lang='lat' dir='ltr'>Bruto</span> <span class='ocrx_word' id='word_1_76' title='bbox 523 1177 681 1272; x_wconf 89' lang='lat' dir='ltr'>accepisse</span> <span class='ocrx_word' id='word_1_77' title='bbox 713 1191 965 1255; x_wconf 90' lang='lat' dir='ltr'>concludendum</span> <span class='ocrx_word' id='word_1_78' title='bbox 993 1196 1051 1256; x_wconf 89' lang='lat' dir='ltr'>est.</span> <span class='ocrx_word' id='word_1_79' title='bbox 1074 1228 1115 1238; x_wconf 92' lang='lat'>—</span> <span class='ocrx_word' id='word_1_80' title='bbox 1137 1193 1283 1273; x_wconf 91' lang='lat' dir='ltr'>Denique</span> <span class='ocrx_word' id='word_1_81' title='bbox 1310 1211 1379 1258; x_wconf 63' lang='lat' dir='ltr'>ne,</span> 
     </span>
     <span class='ocr_line' id='line_1_10' title="bbox 218 1291 1356 1375; baseline 0.003 -19"><span class='ocrx_word' id='word_1_82' title='bbox 218 1291 362 1374; x_wconf 85' lang='lat' dir='ltr'>proximo</span> <span class='ocrx_word' id='word_1_83' title='bbox 389 1295 533 1373; x_wconf 89' lang='lat' dir='ltr'>tempore</span> <span class='ocrx_word' id='word_1_84' title='bbox 559 1297 634 1358; x_wconf 91' lang='lat' dir='ltr'>ante</span> <span class='ocrx_word' id='word_1_85' title='bbox 660 1294 796 1375; x_wconf 88' lang='lat' dir='ltr'>primam</span> <span class='ocrx_word' id='word_1_86' title='bbox 824 1294 918 1358; x_wconf 85' lang='lat' dir='ltr'>Bruti</span> <span class='ocrx_word' id='word_1_87' title='bbox 944 1293 1121 1374; x_wconf 83' lang='lat' dir='ltr'>epistolam,</span> <span class='ocrx_word' id='word_1_88' title='bbox 1150 1313 1232 1375; x_wconf 90' lang='lat' dir='ltr'>quae</span> <span class='ocrx_word' id='word_1_89' title='bbox 1258 1295 1356 1360; x_wconf 84' lang='lat' dir='ltr'>nobis·</span> 
     </span>
     <span class='ocr_line' id='line_1_11' title="bbox 219 1395 1357 1477; baseline 0.002 -17"><span class='ocrx_word' id='word_1_90' title='bbox 219 1399 323 1460; x_wconf 86' lang='lat' dir='ltr'>exstat</span> <span class='ocrx_word' id='word_1_91' title='bbox 345 1395 393 1476; x_wconf 92' lang='grc' dir='ltr'>(ΙΙ</span> <span class='ocrx_word' id='word_1_92' title='bbox 419 1395 464 1477; x_wconf 88' lang='grc'>3),</span> <span class='ocrx_word' id='word_1_93' title='bbox 488 1396 596 1460; x_wconf 86' lang='lat' dir='ltr'>datam</span> <span class='ocrx_word' id='word_1_94' title='bbox 617 1397 741 1462; x_wconf 90' lang='lat' dir='ltr'>litteras</span> <span class='ocrx_word' id='word_1_95' title='bbox 763 1397 804 1461; x_wconf 91' lang='lat' dir='ltr'>ab</span> <span class='ocrx_word' id='word_1_96' title='bbox 825 1396 887 1460; x_wconf 90' lang='lat' dir='ltr'>hoc</span> <span class='ocrx_word' id='word_1_97' title='bbox 910 1395 1056 1460; x_wconf 81' lang='lat' dir='ltr'>Ciceroni</span> <span class='ocrx_word' id='word_1_98' title='bbox 1076 1396 1190 1460; x_wconf 89' lang='lat' dir='ltr'>missas</span> <span class='ocrx_word' id='word_1_99' title='bbox 1214 1415 1357 1462; x_wconf 80' lang='grc'><strong>011011-</strong></span> 
     </span>
     <span class='ocr_line' id='line_1_12' title="bbox 216 1497 1355 1579; baseline 0.002 -19"><span class='ocrx_word' id='word_1_100' title='bbox 216 1497 382 1575; x_wconf 86' lang='lat' dir='ltr'>bitremur,</span> <span class='ocrx_word' id='word_1_101' title='bbox 406 1514 509 1577; x_wconf 92' lang='lat' dir='ltr'>neque</span> <span class='ocrx_word' id='word_1_102' title='bbox 530 1498 649 1561; x_wconf 93' lang='lat' dir='ltr'>Brutus</span> <span class='ocrx_word' id='word_1_103' title='bbox 671 1498 782 1562; x_wconf 86' lang='lat' dir='ltr'>eadem</span> <span class='ocrx_word' id='word_1_104' title='bbox 810 1498 865 1562; x_wconf 90' lang='grc'><strong>1111</strong></span> <span class='ocrx_word' id='word_1_105' title='bbox 893 1497 1036 1578; x_wconf 85' lang='lat' dir='ltr'>epistola,</span> <span class='ocrx_word' id='word_1_106' title='bbox 1062 1498 1205 1579; x_wconf 85' lang='lat' dir='ltr'>quamvis</span> <span class='ocrx_word' id='word_1_107' title='bbox 1226 1499 1355 1562; x_wconf 89' lang='lat' dir='ltr'>litteras·</span> 
     </span>
     <span class='ocr_line' id='line_1_13' title="bbox 219 1598 1356 1680; baseline 0 -17"><span class='ocrx_word' id='word_1_108' title='bbox 219 1598 381 1664; x_wconf 80' lang='lat' dir='ltr'>Ciceronis</span> <span class='ocrx_word' id='word_1_109' title='bbox 403 1599 496 1663; x_wconf 86' lang='lat' dir='ltr'>valde</span> <span class='ocrx_word' id='word_1_110' title='bbox 517 1617 538 1662; x_wconf 93' lang='grc'>1</span> <span class='ocrx_word' id='word_1_111' title='bbox 559 1617 593 1662; x_wconf 87' lang='grc'>10</span> <span class='ocrx_word' id='word_1_112' title='bbox 616 1600 793 1680; x_wconf 83' lang='lat' dir='ltr'>exspectari</span> <span class='ocrx_word' id='word_1_113' title='bbox 821 1599 948 1679; x_wconf 85' lang='lat' dir='ltr'>scribat,</span> <span class='ocrx_word' id='word_1_114' title='bbox 976 1598 1072 1663; x_wconf 89' lang='lat' dir='ltr'>ullius</span> <span class='ocrx_word' id='word_1_115' title='bbox 1100 1599 1254 1680; x_wconf 87' lang='lat' dir='ltr'>epistolae</span> <span class='ocrx_word' id='word_1_116' title='bbox 1276 1618 1295 1664; x_wconf 91' lang='lat' dir='ltr'>a</span> <span class='ocrx_word' id='word_1_117' title='bbox 1316 1616 1356 1663; x_wconf 92' lang='lat' dir='ltr'>se·</span> 
     </span>
     <span class='ocr_line' id='line_1_14' title="bbox 217 1700 1355 1791; baseline 0.001 -26"><span class='ocrx_word' id='word_1_118' title='bbox 217 1706 293 1766; x_wconf 88' lang='lat' dir='ltr'>ante</span> <span class='ocrx_word' id='word_1_119' title='bbox 326 1701 430 1779; x_wconf 87' lang='lat' dir='ltr'>datae,</span> <span class='ocrx_word' id='word_1_120' title='bbox 461 1701 512 1764; x_wconf 89' lang='lat' dir='ltr'>cui</span> <span class='ocrx_word' id='word_1_121' title='bbox 544 1700 597 1764; x_wconf 89' lang='lat' dir='ltr'>hic</span> <span class='ocrx_word' id='word_1_122' title='bbox 622 1701 829 1791; x_wconf 78' lang='lat' dir='ltr'>rescripserit,</span> <span class='ocrx_word' id='word_1_123' title='bbox 859 1702 945 1766; x_wconf 91' lang='lat' dir='ltr'>hunc</span> <span class='ocrx_word' id='word_1_124' title='bbox 972 1701 1222 1781; x_wconf 86' lang='lat' dir='ltr'>commonefacit,</span> <span class='ocrx_word' id='word_1_125' title='bbox 1253 1703 1355 1766; x_wconf 91' lang='lat' dir='ltr'>immo</span> 
     </span>
     <span class='ocr_line' id='line_1_15' title="bbox 217 1803 1352 1886; baseline 0.002 -19"><span class='ocrx_word' id='word_1_126' title='bbox 217 1804 303 1867; x_wconf 91' lang='lat' dir='ltr'>solos</span> <span class='ocrx_word' id='word_1_127' title='bbox 343 1803 471 1866; x_wconf 90' lang='lat' dir='ltr'>nuntios</span> <span class='ocrx_word' id='word_1_128' title='bbox 510 1803 682 1886; x_wconf 85' lang='lat' dir='ltr'>(publicos)</span> <span class='ocrx_word' id='word_1_129' title='bbox 724 1823 832 1869; x_wconf 91' lang='lat' dir='ltr'>rerum</span> <span class='ocrx_word' id='word_1_130' title='bbox 870 1823 1000 1868; x_wconf 88' lang='lat' dir='ltr'>suarum</span> <span class='ocrx_word' id='word_1_131' title='bbox 1044 1809 1279 1884; x_wconf 83' lang='lat' dir='ltr'>commemorat,</span> <span class='ocrx_word' id='word_1_132' title='bbox 1318 1807 1352 1869; x_wconf 94' lang='lat' dir='ltr'>et</span> 
     </span>
     <span class='ocr_line' id='line_1_16' title="bbox 218 1905 1353 1989; baseline 0.002 -19"><span class='ocrx_word' id='word_1_133' title='bbox 218 1905 329 1970; x_wconf 89' lang='lat' dir='ltr'>Cicero</span> <span class='ocrx_word' id='word_1_134' title='bbox 358 1905 470 1986; x_wconf 89' lang='lat' dir='ltr'>quinta</span> <span class='ocrx_word' id='word_1_135' title='bbox 498 1906 634 1986; x_wconf 92' lang='lat' dir='ltr'>epistola</span> <span class='ocrx_word' id='word_1_136' title='bbox 663 1905 696 1988; x_wconf 60' lang='grc' dir='ltr'>(ᾗ</span> <span class='ocrx_word' id='word_1_137' title='bbox 723 1907 758 1989; x_wconf 77' lang='grc'>2)</span> <span class='ocrx_word' id='word_1_138' title='bbox 787 1908 827 1971; x_wconf 90' lang='lat' dir='ltr'>de</span> <span class='ocrx_word' id='word_1_139' title='bbox 853 1907 970 1971; x_wconf 91' lang='lat' dir='ltr'>litteris</span> <span class='ocrx_word' id='word_1_140' title='bbox 997 1906 1091 1971; x_wconf 90' lang='lat' dir='ltr'>Bruti</span> <span class='ocrx_word' id='word_1_141' title='bbox 1116 1906 1252 1988; x_wconf 91' lang='lat' dir='ltr'>publicis</span> <span class='ocrx_word' id='word_1_142' title='bbox 1279 1925 1353 1972; x_wconf 90' lang='lat' dir='ltr'>cum</span> 
     </span>
     <span class='ocr_line' id='line_1_17' title="bbox 216 2007 1350 2092; baseline 0.001 -20"><span class='ocrx_word' id='word_1_143' title='bbox 216 2007 327 2090; x_wconf 92' lang='lat' dir='ltr'>primis</span> <span class='ocrx_word' id='word_1_144' title='bbox 358 2011 428 2071; x_wconf 91' lang='lat' dir='ltr'>tum</span> <span class='ocrx_word' id='word_1_145' title='bbox 450 2008 559 2072; x_wconf 87' lang='lat' dir='ltr'>alteris</span> <span class='ocrx_word' id='word_1_146' title='bbox 582 2008 628 2091; x_wconf 87' lang='lat' dir='ltr'>(d.</span> <span class='ocrx_word' id='word_1_147' title='bbox 660 2009 700 2073; x_wconf 86' lang='lat'>19</span> <span class='ocrx_word' id='word_1_148' title='bbox 727 2007 794 2074; x_wconf 90' lang='lat' dir='ltr'>fere</span> <span class='ocrx_word' id='word_1_149' title='bbox 820 2026 863 2073; x_wconf 95' lang='lat' dir='ltr'>m.</span> <span class='ocrx_word' id='word_1_150' title='bbox 891 2009 1002 2072; x_wconf 88' lang='lat' dir='ltr'>Martii</span> <span class='ocrx_word' id='word_1_151' title='bbox 1027 2009 1163 2072; x_wconf 89' lang='lat' dir='ltr'>Romam</span> <span class='ocrx_word' id='word_1_152' title='bbox 1190 2009 1310 2092; x_wconf 87' lang='grc'><strong>1111111)</strong></span> <span class='ocrx_word' id='word_1_153' title='bbox 1322 2007 1350 2091; x_wconf 86' lang='lat'>⁴)</span> 
     </span>
     <span class='ocr_line' id='line_1_18' title="bbox 216 2109 1355 2192; baseline 0.003 -19"><span class='ocrx_word' id='word_1_154' title='bbox 216 2127 288 2173; x_wconf 92' lang='lat' dir='ltr'>eum</span> <span class='ocrx_word' id='word_1_155' title='bbox 310 2109 343 2173; x_wconf 91' lang='lat' dir='ltr'>in</span> <span class='ocrx_word' id='word_1_156' title='bbox 365 2110 495 2174; x_wconf 92' lang='lat' dir='ltr'>modum</span> <span class='ocrx_word' id='word_1_157' title='bbox 517 2109 591 2174; x_wconf 93' lang='lat' dir='ltr'>huic</span> <span class='ocrx_word' id='word_1_158' title='bbox 612 2111 768 2190; x_wconf 81' lang='lat' dir='ltr'>rescribit,</span> <span class='ocrx_word' id='word_1_159' title='bbox 790 2115 827 2175; x_wconf 93' lang='lat' dir='ltr'>ut</span> <span class='ocrx_word' id='word_1_160' title='bbox 849 2128 930 2190; x_wconf 85' lang='lat' dir='ltr'>eum,</span> <span class='ocrx_word' id='word_1_161' title='bbox 949 2128 1012 2191; x_wconf 95' lang='lat' dir='ltr'>quo</span> <span class='ocrx_word' id='word_1_162' title='bbox 1034 2114 1177 2191; x_wconf 91' lang='lat' dir='ltr'>tempore</span> <span class='ocrx_word' id='word_1_163' title='bbox 1198 2115 1355 2192; x_wconf 88' lang='lat' dir='ltr'>utrasque</span> 
     </span>
     <span class='ocr_line' id='line_1_19' title="bbox 214 2211 1355 2295; baseline 0.002 -21"><span class='ocrx_word' id='word_1_164' title='bbox 214 2211 286 2274; x_wconf 91' lang='lat' dir='ltr'>illas</span> <span class='ocrx_word' id='word_1_165' title='bbox 312 2211 465 2290; x_wconf 80' lang='lat' dir='ltr'>mitteret,</span> <span class='ocrx_word' id='word_1_166' title='bbox 491 2213 596 2276; x_wconf 88' lang='lat' dir='ltr'>nullas</span> <span class='ocrx_word' id='word_1_167' title='bbox 624 2212 665 2276; x_wconf 92' lang='lat' dir='ltr'>ad</span> <span class='ocrx_word' id='word_1_168' title='bbox 691 2211 795 2294; x_wconf 88' lang='lat' dir='ltr'>ipsum</span> <span class='ocrx_word' id='word_1_169' title='bbox 818 2211 1003 2277; x_wconf 89' lang='lat' dir='ltr'>Ciceronem</span> <span class='ocrx_word' id='word_1_170' title='bbox 1024 2213 1165 2295; x_wconf 85' lang='lat' dir='ltr'>privatas</span> <span class='ocrx_word' id='word_1_171' title='bbox 1187 2213 1355 2295; x_wconf 89' lang='lat' dir='ltr'>scripsisse·</span> 
     </span>
     <span class='ocr_line' id='line_1_20' title="bbox 217 2313 649 2394; baseline -0.002 -18"><span class='ocrx_word' id='word_1_172' title='bbox 217 2313 295 2376; x_wconf 90' lang='lat' dir='ltr'>satis</span> <span class='ocrx_word' id='word_1_173' title='bbox 317 2330 471 2394; x_wconf 91' lang='lat' dir='ltr'>apparere</span> <span class='ocrx_word' id='word_1_174' title='bbox 492 2313 649 2377; x_wconf 88' lang='lat' dir='ltr'>videatur.</span> 
     </span>
    </p>

    <p class='ocr_par' dir='ltr' id='par_1_5' title="bbox 213 2413 1353 3719">
     <span class='ocr_line' id='line_1_21' title="bbox 319 2413 1353 2496; baseline 0.002 -18"><span class='ocrx_word' id='word_1_175' title='bbox 319 2414 419 2495; x_wconf 88' lang='lat' dir='ltr'>Atqui</span> <span class='ocrx_word' id='word_1_176' title='bbox 445 2414 520 2478; x_wconf 91' lang='lat' dir='ltr'>licet</span> <span class='ocrx_word' id='word_1_177' title='bbox 552 2413 663 2478; x_wconf 90' lang='lat' dir='ltr'>Cicero</span> <span class='ocrx_word' id='word_1_178' title='bbox 692 2418 766 2479; x_wconf 88' lang='lat' dir='ltr'>ante</span> <span class='ocrx_word' id='word_1_179' title='bbox 797 2415 855 2479; x_wconf 88' lang='lat' dir='ltr'>has</span> <span class='ocrx_word' id='word_1_180' title='bbox 888 2433 970 2496; x_wconf 88' lang='lat' dir='ltr'>quae</span> <span class='ocrx_word' id='word_1_181' title='bbox 1002 2419 1130 2480; x_wconf 89' lang='lat' dir='ltr'>exstant</span> <span class='ocrx_word' id='word_1_182' title='bbox 1162 2415 1253 2480; x_wconf 87' lang='lat' dir='ltr'>datas</span> <span class='ocrx_word' id='word_1_183' title='bbox 1281 2415 1353 2480; x_wconf 90' lang='lat' dir='ltr'>nul·</span> 
     </span>
     <span class='ocr_line' id='line_1_22' title="bbox 215 2516 1352 2604; baseline 0.002 -24"><span class='ocrx_word' id='word_1_184' title='bbox 215 2516 264 2581; x_wconf 91' lang='lat' dir='ltr'>las</span> <span class='ocrx_word' id='word_1_185' title='bbox 297 2535 317 2580; x_wconf 93' lang='lat' dir='ltr'>a</span> <span class='ocrx_word' id='word_1_186' title='bbox 347 2516 448 2580; x_wconf 92' lang='lat' dir='ltr'>Bruto</span> <span class='ocrx_word' id='word_1_187' title='bbox 481 2516 594 2580; x_wconf 91' lang='lat' dir='ltr'>eodem</span> <span class='ocrx_word' id='word_1_188' title='bbox 627 2534 710 2580; x_wconf 90' lang='lat' dir='ltr'>anno</span> <span class='ocrx_word' id='word_1_189' title='bbox 743 2516 895 2598; x_wconf 87' lang='lat' dir='ltr'>epistolas</span> <span class='ocrx_word' id='word_1_190' title='bbox 927 2517 1098 2604; x_wconf 85' lang='lat' dir='ltr'>acceperit:</span> <span class='ocrx_word' id='word_1_191' title='bbox 1134 2518 1211 2582; x_wconf 90' lang='lat' dir='ltr'>dare</span> <span class='ocrx_word' id='word_1_192' title='bbox 1242 2522 1352 2582; x_wconf 89' lang='lat' dir='ltr'>tamen</span> 
     </span>
     <span class='ocr_line' id='line_1_23' title="bbox 215 2603 1350 2701; baseline 0.004 -21"><span class='ocrx_word' id='word_1_193' title='bbox 215 2617 284 2698; x_wconf 90' lang='lat' dir='ltr'>ipse</span> <span class='ocrx_word' id='word_1_194' title='bbox 316 2618 430 2698; x_wconf 90' lang='lat' dir='ltr'>potuit.</span> <span class='ocrx_word' id='word_1_195' title='bbox 474 2617 593 2682; x_wconf 88' lang='lat' dir='ltr'>Verum</span> <span class='ocrx_word' id='word_1_196' title='bbox 625 2636 665 2682; x_wconf 91' lang='lat' dir='ltr'>ne</span> <span class='ocrx_word' id='word_1_197' title='bbox 692 2618 819 2683; x_wconf 89' lang='lat' dir='ltr'>dedisse</span> <span class='ocrx_word' id='word_1_198' title='bbox 847 2618 974 2700; x_wconf 87' lang='lat' dir='ltr'>quidem</span> <span class='ocrx_word' id='word_1_199' title='bbox 998 2603 1074 2683; x_wconf 73' lang='lat' dir='ltr'>³&#39;eum</span> <span class='ocrx_word' id='word_1_200' title='bbox 1102 2619 1248 2701; x_wconf 88' lang='lat' dir='ltr'>equidem</span> <span class='ocrx_word' id='word_1_201' title='bbox 1276 2637 1350 2684; x_wconf 93' lang='lat' dir='ltr'>con-</span> 
     </span>
     <span class='ocr_line' id='line_1_24' title="bbox 214 2719 1351 2803; baseline 0.002 -20"><span class='ocrx_word' id='word_1_202' title='bbox 214 2720 381 2784; x_wconf 86' lang='lat' dir='ltr'>tenderim.</span> <span class='ocrx_word' id='word_1_203' title='bbox 424 2720 508 2784; x_wconf 89' lang='lat' dir='ltr'>Nam</span> <span class='ocrx_word' id='word_1_204' title='bbox 529 2719 563 2782; x_wconf 92' lang='lat' dir='ltr'>in</span> <span class='ocrx_word' id='word_1_205' title='bbox 584 2719 687 2801; x_wconf 91' lang='lat' dir='ltr'>prima</span> <span class='ocrx_word' id='word_1_206' title='bbox 707 2720 763 2785; x_wconf 90' lang='lat' dir='ltr'>illa</span> <span class='ocrx_word' id='word_1_207' title='bbox 784 2721 877 2785; x_wconf 90' lang='lat' dir='ltr'>Bruti</span> <span class='ocrx_word' id='word_1_208' title='bbox 899 2720 1035 2801; x_wconf 90' lang='lat' dir='ltr'>epistola</span> <span class='ocrx_word' id='word_1_209' title='bbox 1057 2720 1105 2802; x_wconf 90' lang='lat' dir='ltr'>(II</span> <span class='ocrx_word' id='word_1_210' title='bbox 1125 2721 1160 2803; x_wconf 87' lang='lat'>3)</span> <span class='ocrx_word' id='word_1_211' title='bbox 1180 2721 1250 2802; x_wconf 90' lang='lat' dir='ltr'>ipsa</span> <span class='ocrx_word' id='word_1_212' title='bbox 1265 2721 1351 2785; x_wconf 91' lang='lat' dir='ltr'>indi·</span> 
     </span>
     <span class='ocr_line' id='line_1_25' title="bbox 216 2820 1350 2902; baseline 0.001 -17"><span class='ocrx_word' id='word_1_213' title='bbox 216 2820 299 2885; x_wconf 93' lang='lat' dir='ltr'>cium</span> <span class='ocrx_word' id='word_1_214' title='bbox 321 2822 412 2900; x_wconf 85' lang='lat' dir='ltr'>inest,</span> <span class='ocrx_word' id='word_1_215' title='bbox 436 2838 474 2884; x_wconf 89' lang='lat' dir='ltr'>ex</span> <span class='ocrx_word' id='word_1_216' title='bbox 496 2839 559 2902; x_wconf 91' lang='lat' dir='ltr'>quo</span> <span class='ocrx_word' id='word_1_217' title='bbox 582 2820 767 2886; x_wconf 90' lang='lat' dir='ltr'>Ciceronem</span> <span class='ocrx_word' id='word_1_218' title='bbox 795 2827 869 2887; x_wconf 87' lang='lat' dir='ltr'>ante</span> <span class='ocrx_word' id='word_1_219' title='bbox 896 2822 1072 2887; x_wconf 91' lang='lat' dir='ltr'>orationem</span> <span class='ocrx_word' id='word_1_220' title='bbox 1100 2822 1183 2887; x_wconf 91' lang='lat' dir='ltr'>Phil.</span> <span class='ocrx_word' id='word_1_221' title='bbox 1205 2823 1235 2888; x_wconf 87' lang='lat' dir='ltr'>X</span> <span class='ocrx_word' id='word_1_222' title='bbox 1256 2822 1350 2886; x_wconf 87' lang='lat' dir='ltr'>hahi-</span> 
     </span>
     <span class='ocr_line' id='line_1_26' title="bbox 214 2923 1349 3006; baseline 0 -18"><span class='ocrx_word' id='word_1_223' title='bbox 214 2928 282 2988; x_wconf 92' lang='lat' dir='ltr'>tam</span> <span class='ocrx_word' id='word_1_224' title='bbox 304 2923 408 2987; x_wconf 89' lang='lat' dir='ltr'>nullas</span> <span class='ocrx_word' id='word_1_225' title='bbox 429 2923 530 2987; x_wconf 93' lang='lat' dir='ltr'>Bruto</span> <span class='ocrx_word' id='word_1_226' title='bbox 553 2923 704 3005; x_wconf 85' lang='lat' dir='ltr'>epistolas</span> <span class='ocrx_word' id='word_1_227' title='bbox 726 2925 851 2989; x_wconf 89' lang='lat' dir='ltr'>dedisse</span> <span class='ocrx_word' id='word_1_228' title='bbox 873 2925 1022 3005; x_wconf 82' lang='lat' dir='ltr'>colligere</span> <span class='ocrx_word' id='word_1_229' title='bbox 1045 2941 1223 3006; x_wconf 86' lang='lat' dir='ltr'>possumus.</span> <span class='ocrx_word' id='word_1_230' title='bbox 1264 2923 1349 2988; x_wconf 82' lang='lat' dir='ltr'>Scri-</span> 
     </span>
     <span class='ocr_line' id='line_1_27' title="bbox 214 3025 1350 3108; baseline 0 -18"><span class='ocrx_word' id='word_1_231' title='bbox 214 3026 264 3090; x_wconf 92' lang='lat' dir='ltr'>bit</span> <span class='ocrx_word' id='word_1_232' title='bbox 285 3026 369 3089; x_wconf 91' lang='lat' dir='ltr'>enim</span> <span class='ocrx_word' id='word_1_233' title='bbox 391 3026 510 3090; x_wconf 90' lang='lat' dir='ltr'>Brutus</span> <span class='ocrx_word' id='word_1_234' title='bbox 527 3026 561 3089; x_wconf 93' lang='lat' dir='ltr'>in</span> <span class='ocrx_word' id='word_1_235' title='bbox 576 3027 687 3090; x_wconf 88' lang='lat' dir='ltr'>eedem</span> <span class='ocrx_word' id='word_1_236' title='bbox 705 3026 841 3108; x_wconf 91' lang='lat' dir='ltr'>epistola</span> <span class='ocrx_word' id='word_1_237' title='bbox 859 3026 890 3108; x_wconf 61' lang='grc' dir='ltr'>(ᾗ</span> <span class='ocrx_word' id='word_1_238' title='bbox 905 3025 956 3108; x_wconf 84' lang='grc'>4);</span> <span class='ocrx_word' id='word_1_239' title='bbox 980 3026 1075 3107; x_wconf 82' lang='lat' dir='ltr'>„Legi</span> <span class='ocrx_word' id='word_1_240' title='bbox 1090 3027 1251 3092; x_wconf 88' lang='lat' dir='ltr'>orationes</span> <span class='ocrx_word' id='word_1_241' title='bbox 1266 3027 1350 3091; x_wconf 89' lang='lat' dir='ltr'>duas</span> 
     </span>
     <span class='ocr_line' id='line_1_28' title="bbox 214 3126 1347 3210; baseline 0 -18"><span class='ocrx_word' id='word_1_242' title='bbox 214 3134 296 3208; x_wconf 83' lang='lat' dir='ltr'>tuas,</span> <span class='ocrx_word' id='word_1_243' title='bbox 320 3147 454 3210; x_wconf 86' lang='lat' dir='ltr'>quarum</span> <span class='ocrx_word' id='word_1_244' title='bbox 476 3129 578 3192; x_wconf 86' lang='lat' dir='ltr'>altera</span> <span class='ocrx_word' id='word_1_245' title='bbox 598 3128 670 3192; x_wconf 89' lang='lat' dir='ltr'>Kal.</span> <span class='ocrx_word' id='word_1_246' title='bbox 693 3126 761 3190; x_wconf 90' lang='lat' dir='ltr'>Ian.</span> <span class='ocrx_word' id='word_1_247' title='bbox 782 3145 859 3192; x_wconf 88' lang='lat' dir='ltr'>usus</span> <span class='ocrx_word' id='word_1_248' title='bbox 882 3145 925 3207; x_wconf 83' lang='lat' dir='ltr'>es,</span> <span class='ocrx_word' id='word_1_249' title='bbox 948 3129 1050 3193; x_wconf 90' lang='lat' dir='ltr'>altera</span> <span class='ocrx_word' id='word_1_250' title='bbox 1072 3129 1112 3193; x_wconf 94' lang='lat' dir='ltr'>de</span> <span class='ocrx_word' id='word_1_251' title='bbox 1126 3129 1242 3194; x_wconf 87' lang='lat' dir='ltr'>litteris</span> <span class='ocrx_word' id='word_1_252' title='bbox 1257 3129 1347 3208; x_wconf 84' lang='lat' dir='ltr'>meis,</span> 
     </span>
     <span class='ocr_line' id='line_1_29' title="bbox 215 3228 1347 3311; baseline 0.001 -17"><span class='ocrx_word' id='word_1_253' title='bbox 215 3248 296 3311; x_wconf 89' lang='lat' dir='ltr'>quae</span> <span class='ocrx_word' id='word_1_254' title='bbox 317 3229 429 3294; x_wconf 88' lang='lat' dir='ltr'>habita</span> <span class='ocrx_word' id='word_1_255' title='bbox 451 3234 499 3294; x_wconf 91' lang='lat' dir='ltr'>est</span> <span class='ocrx_word' id='word_1_256' title='bbox 526 3229 584 3294; x_wconf 91' lang='lat' dir='ltr'>abs</span> <span class='ocrx_word' id='word_1_257' title='bbox 610 3233 644 3292; x_wconf 91' lang='lat' dir='ltr'>te</span> <span class='ocrx_word' id='word_1_258' title='bbox 671 3233 783 3293; x_wconf 91' lang='lat' dir='ltr'>contra</span> <span class='ocrx_word' id='word_1_259' title='bbox 810 3228 973 3294; x_wconf 88' lang='lat' dir='ltr'>Calenum.</span> <span class='ocrx_word' id='word_1_260' title='bbox 1016 3232 1111 3295; x_wconf 90' lang='lat' dir='ltr'>Nunc</span> <span class='ocrx_word' id='word_1_261' title='bbox 1138 3231 1258 3296; x_wconf 90' lang='lat' dir='ltr'>scilicet</span> <span class='ocrx_word' id='word_1_262' title='bbox 1285 3232 1347 3295; x_wconf 89' lang='lat' dir='ltr'>hoc</span> 
     </span>
     <span class='ocr_line' id='line_1_30' title="bbox 214 3331 1347 3413; baseline 0.002 -17"><span class='ocrx_word' id='word_1_263' title='bbox 214 3337 388 3412; x_wconf 83' lang='lat' dir='ltr'>exspectas,</span> <span class='ocrx_word' id='word_1_264' title='bbox 422 3331 497 3395; x_wconf 93' lang='lat' dir='ltr'>dum</span> <span class='ocrx_word' id='word_1_265' title='bbox 529 3348 584 3394; x_wconf 91' lang='lat' dir='ltr'>eas</span> <span class='ocrx_word' id='word_1_266' title='bbox 616 3331 756 3395; x_wconf 86' lang='lat' dir='ltr'>laudem:</span> <span class='ocrx_word' id='word_1_267' title='bbox 795 3332 912 3411; x_wconf 90' lang='lat' dir='ltr'>nescio,</span> <span class='ocrx_word' id='word_1_268' title='bbox 946 3333 1043 3396; x_wconf 93' lang='lat' dir='ltr'>animi</span> <span class='ocrx_word' id='word_1_269' title='bbox 1076 3352 1116 3397; x_wconf 93' lang='lat' dir='ltr'>an</span> <span class='ocrx_word' id='word_1_270' title='bbox 1148 3334 1269 3413; x_wconf 83' lang='lat' dir='ltr'>ingenii</span> <span class='ocrx_word' id='word_1_271' title='bbox 1298 3333 1347 3398; x_wconf 91' lang='lat' dir='ltr'>tui</span> 
     </span>
     <span class='ocr_line' id='line_1_31' title="bbox 214 3431 1347 3515; baseline 0.004 -19"><span class='ocrx_word' id='word_1_272' title='bbox 214 3433 316 3497; x_wconf 92' lang='lat' dir='ltr'>maior</span> <span class='ocrx_word' id='word_1_273' title='bbox 342 3434 375 3497; x_wconf 91' lang='lat' dir='ltr'>in</span> <span class='ocrx_word' id='word_1_274' title='bbox 402 3433 453 3496; x_wconf 93' lang='lat' dir='ltr'>his</span> <span class='ocrx_word' id='word_1_275' title='bbox 479 3431 595 3497; x_wconf 92' lang='lat' dir='ltr'>libellis</span> <span class='ocrx_word' id='word_1_276' title='bbox 622 3433 692 3496; x_wconf 90' lang='lat' dir='ltr'>laus</span> <span class='ocrx_word' id='word_1_277' title='bbox 720 3434 935 3515; x_wconf 83' lang='lat' dir='ltr'>contineatur3</span> <span class='ocrx_word' id='word_1_278' title='bbox 963 3434 1028 3500; x_wconf 88' lang='lat' dir='ltr'>iam</span> <span class='ocrx_word' id='word_1_279' title='bbox 1055 3436 1204 3514; x_wconf 88' lang='lat' dir='ltr'>concedo,</span> <span class='ocrx_word' id='word_1_280' title='bbox 1231 3439 1269 3499; x_wconf 92' lang='lat' dir='ltr'>ut</span> <span class='ocrx_word' id='word_1_281' title='bbox 1295 3435 1347 3500; x_wconf 87' lang='lat' dir='ltr'>vel</span> 
     </span>
     <span class='ocr_line' id='line_1_32' title="bbox 214 3535 1348 3618; baseline 0.004 -20"><span class='ocrx_word' id='word_1_282' title='bbox 214 3535 385 3616; x_wconf 89' lang='lat' dir='ltr'>Philippici</span> <span class='ocrx_word' id='word_1_283' title='bbox 416 3537 579 3614; x_wconf 85' lang='lat' dir='ltr'>vocentur,</span> <span class='ocrx_word' id='word_1_284' title='bbox 609 3535 695 3616; x_wconf 92' lang='lat' dir='ltr'>quod</span> <span class='ocrx_word' id='word_1_285' title='bbox 721 3539 758 3598; x_wconf 90' lang='lat' dir='ltr'>tu</span> <span class='ocrx_word' id='word_1_286' title='bbox 789 3537 928 3617; x_wconf 93' lang='lat' dir='ltr'>quadam</span> <span class='ocrx_word' id='word_1_287' title='bbox 961 3537 1097 3618; x_wconf 90' lang='lat' dir='ltr'>epistola</span> <span class='ocrx_word' id='word_1_288' title='bbox 1127 3538 1237 3602; x_wconf 90' lang='lat' dir='ltr'>iocans</span> <span class='ocrx_word' id='word_1_289' title='bbox 1269 3537 1348 3602; x_wconf 90' lang='lat' dir='ltr'>scri-</span> 
     </span>
     <span class='ocr_line' id='line_1_33' title="bbox 213 3636 1348 3719; baseline 0.002 -18"><span class='ocrx_word' id='word_1_290' title='bbox 213 3636 332 3718; x_wconf 88' lang='lat' dir='ltr'>psisti“.</span> <span class='ocrx_word' id='word_1_291' title='bbox 376 3637 519 3700; x_wconf 92' lang='lat' dir='ltr'>Primum</span> <span class='ocrx_word' id='word_1_292' title='bbox 540 3636 659 3700; x_wconf 89' lang='lat' dir='ltr'>Brutus</span> <span class='ocrx_word' id='word_1_293' title='bbox 680 3637 730 3701; x_wconf 95' lang='lat' dir='ltr'>his</span> <span class='ocrx_word' id='word_1_294' title='bbox 751 3637 917 3719; x_wconf 90' lang='lat' dir='ltr'>utriusque</span> <span class='ocrx_word' id='word_1_295' title='bbox 939 3639 1092 3704; x_wconf 91' lang='lat' dir='ltr'>orationis</span> <span class='ocrx_word' id='word_1_296' title='bbox 1120 3657 1348 3704; x_wconf 88' lang='lat' dir='ltr'>commemora·</span> 
     </span>
    </p>
   </div>
   <div class='ocr_carea' id='block_1_5' title="bbox 220 3761 426 3772">
    <p class='ocr_par' dir='ltr' id='par_1_6' title="bbox 220 3761 426 3772">
     <span class='ocr_line' id='line_1_34' title="bbox 220 3761 426 3772; baseline -0.01 0"><span class='ocrx_word' id='word_1_297' title='bbox 220 3761 426 3772; x_wconf 72' lang='lat' dir='ltr'>——n—</span> 
     </span>
    </p>
   </div>
   <div class='ocr_carea' id='block_1_6' title="bbox 316 3787 1348 4064">
    <p class='ocr_par' dir='ltr' id='par_1_7' title="bbox 316 3787 1348 4064">
     <span class='ocr_line' id='line_1_35' title="bbox 318 3787 840 3893; baseline -0.004 -14"><span class='ocrx_word' id='word_1_298' title='bbox 318 3826 342 3893; x_wconf 74' lang='grc' dir='ltr'>ι)</span> <span class='ocrx_word' id='word_1_299' title='bbox 361 3787 498 3879; x_wconf 74' lang='grc'><strong>011111.</strong></span> <span class='ocrx_word' id='word_1_300' title='bbox 517 3822 542 3876; x_wconf 83' lang='lat' dir='ltr'><strong>x</strong></span> <span class='ocrx_word' id='word_1_301' title='bbox 561 3825 592 3890; x_wconf 74' lang='grc'>11</span> <span class='ocrx_word' id='word_1_302' title='bbox 610 3822 652 3887; x_wconf 83' lang='grc'>11,</span> <span class='ocrx_word' id='word_1_303' title='bbox 670 3823 712 3888; x_wconf 84' lang='grc'>11,</span> <span class='ocrx_word' id='word_1_304' title='bbox 730 3823 840 3879; x_wconf 78' lang='grc'><strong>14-11.</strong></span> 
     </span>
     <span class='ocr_line' id='line_1_36' title="bbox 317 3909 696 3977; baseline -0.008 -13"><span class='ocrx_word' id='word_1_305' title='bbox 317 3911 341 3977; x_wconf 77' lang='lat'>²)</span> <span class='ocrx_word' id='word_1_306' title='bbox 360 3909 408 3964; x_wconf 84' lang='lat' dir='ltr'>Cfr</span> <span class='ocrx_word' id='word_1_307' title='bbox 424 3909 496 3963; x_wconf 93' lang='lat' dir='ltr'>Phil.</span> <span class='ocrx_word' id='word_1_308' title='bbox 514 3909 554 3964; x_wconf 88' lang='lat' dir='ltr'>XI</span> <span class='ocrx_word' id='word_1_309' title='bbox 572 3913 586 3973; x_wconf 72' lang='grc'>5</span> <span class='ocrx_word' id='word_1_310' title='bbox 604 3909 639 3964; x_wconf 77' lang='lat'>26</span> <span class='ocrx_word' id='word_1_311' title='bbox 656 3924 696 3977; x_wconf 90' lang='lat' dir='ltr'>sq.</span> 
     </span>
     <span class='ocr_line' id='line_1_37' title="bbox 316 3992 1348 4064; baseline -0.005 -15"><span class='ocrx_word' id='word_1_312' title='bbox 316 3995 340 4062; x_wconf 81' lang='lat'>³)</span> <span class='ocrx_word' id='word_1_313' title='bbox 359 3994 418 4061; x_wconf 77' lang='lat' dir='ltr'>Quo</span> <span class='ocrx_word' id='word_1_314' title='bbox 439 3993 484 4047; x_wconf 81' lang='lat' dir='ltr'>uel</span> <span class='ocrx_word' id='word_1_315' title='bbox 506 3999 619 4063; x_wconf 89' lang='lat' dir='ltr'>postero</span> <span class='ocrx_word' id='word_1_316' title='bbox 643 3993 690 4047; x_wconf 89' lang='lat' dir='ltr'>die</span> <span class='ocrx_word' id='word_1_317' title='bbox 713 4010 751 4048; x_wconf 89' lang='grc'>01.</span> <span class='ocrx_word' id='word_1_318' title='bbox 778 3992 851 4047; x_wconf 92' lang='lat' dir='ltr'>Phil.</span> <span class='ocrx_word' id='word_1_319' title='bbox 874 3993 927 4064; x_wconf 82' lang='lat' dir='ltr'>XI¹</span> <span class='ocrx_word' id='word_1_320' title='bbox 940 3992 1065 4047; x_wconf 84' lang='lat' dir='ltr'>habitam</span> <span class='ocrx_word' id='word_1_321' title='bbox 1088 4007 1149 4048; x_wconf 88' lang='grc'><strong>0111</strong></span> <span class='ocrx_word' id='word_1_322' title='bbox 1173 3992 1348 4047; x_wconf 84' lang='lat' dir='ltr'>Schmidtius</span> 
     </span>
    </p>
   </div>
   <div class='ocr_carea' id='block_1_7' title="bbox 213 4079 643 4234">
    <p class='ocr_par' dir='ltr' id='par_1_8' title="bbox 213 4079 643 4234">
     <span class='ocr_line' id='line_1_38' title="bbox 213 4079 593 4150; baseline -0.005 -16"><span class='ocrx_word' id='word_1_323' title='bbox 213 4080 341 4150; x_wconf 86' lang='lat' dir='ltr'>probavit</span> <span class='ocrx_word' id='word_1_324' title='bbox 358 4079 376 4132; x_wconf 93' lang='lat' dir='ltr'>l.</span> <span class='ocrx_word' id='word_1_325' title='bbox 395 4095 419 4132; x_wconf 92' lang='lat' dir='ltr'>c.</span> <span class='ocrx_word' id='word_1_326' title='bbox 436 4089 471 4148; x_wconf 89' lang='lat' dir='ltr'>p.&#39;</span> <span class='ocrx_word' id='word_1_327' title='bbox 482 4079 517 4133; x_wconf 80' lang='lat'>35</span> <span class='ocrx_word' id='word_1_328' title='bbox 534 4093 593 4147; x_wconf 89' lang='lat' dir='ltr'>sqq.</span> 
     </span>
     <span class='ocr_line' id='line_1_39' title="bbox 315 4163 643 4234; baseline 0 -16"><span class='ocrx_word' id='word_1_329' title='bbox 315 4167 340 4234; x_wconf 87' lang='lat'>⁴)</span> <span class='ocrx_word' id='word_1_330' title='bbox 358 4163 498 4218; x_wconf 81' lang='grc'><strong>(11111111</strong></span> <span class='ocrx_word' id='word_1_331' title='bbox 515 4180 557 4234; x_wconf 90' lang='lat' dir='ltr'>ep.</span> <span class='ocrx_word' id='word_1_332' title='bbox 575 4165 601 4230; x_wconf 79' lang='lat'>5,</span> <span class='ocrx_word' id='word_1_333' title='bbox 618 4165 643 4218; x_wconf 79' lang='grc'>2.</span> 
     </span>
    </p>
   </div>
   <div class='ocr_carea' id='block_1_8' title="bbox 0 0 1546 4856">
    <p class='ocr_par' dir='ltr' id='par_1_9' title="bbox 0 0 1546 4856">
     <span class='ocr_line' id='line_1_40' title="bbox 0 0 1546 4856; baseline 0 2"><span class='ocrx_word' id='word_1_334' title='bbox 0 0 1546 4856; x_wconf 95' lang='lat' dir='ltr'> </span> 
     </span>
    </p>
   </div>
  </div>
 </body>
</html>
