3082 4856
645 803 835 926 tptstou
867 803 899 926 ll
933 802 974 902 2.

657 1029 766 1102 duero
789 1027 880 1100 Bruto
904 1026 981 1099 tat.-

355 1190 388 1259 1.
442 1185 560 1259 Planci
588 1189 737 1259 animum
765 1189 799 1258 in
827 1185 1091 1276 rempublicam
1115 1184 1305 1274 egregium,
1325 1183 1378 1256 le-

250 1308 369 1398 giones
396 1307 525 1378 auxilia
551 1308 667 1398 copias
695 1328 738 1379 ex
765 1307 891 1377 litteris
910 1306 995 1394 eiua,
1017 1326 1162 1394 quarum
1181 1303 1378 1392 exemplum

250 1427 313 1498 tibi
339 1427 481 1498 missum
509 1427 671 1516 arbitror,
699 1428 897 1517 perspicere
915 1425 1076 1515 potuisti:
1103 1422 1229 1513 Lepidi
1247 1423 1299 1492 tui
1317 1445 1379 1494 ne·

251 1547 403 1636 cessarii,
432 1548 490 1636 qui
517 1546 702 1617 secundum
728 1544 871 1638 fratrem
898 1543 1018 1614 affines
1051 1543 1156 1615 habet
1182 1563 1268 1632 quos
1296 1542 1379 1613 ode-

251 1667 298 1737 rit
335 1666 524 1755 proximos,
564 1666 740 1736 levitatem
781 1670 816 1737 et
854 1654 1118 1735 inconstantiam
1158 1663 1379 1752 animumque

253 1806 389 1875 semper
414 1786 588 1856 inimicum
614 1786 667 1856 rei
693 1784 852 1874 publicae
878 1785 947 1854 iam
974 1783 1077 1854 credo
1096 1783 1159 1853 tibi
1178 1802 1221 1852 ex
1240 1788 1376 1853 tuorum

251 1905 376 1977 litteris
404 1925 479 1976 esse
506 1909 734 1995 perspectum.
791 1905 823 1976 2.
865 1902 938 1975 Nos
965 1900 1176 1992 exspectatio
1204 1901 1370 1990 sollicitat,

253 2046 341 2115 quae
374 2031 427 2097 est
460 2025 569 2096 omnis
601 2026 669 2096 iam
702 2025 737 2094 in
770 2031 961 2095 extremum
995 2023 1143 2094 adducta
1175 2023 1372 2112 discrimem

254 2151 307 2218 est
332 2146 422 2216 enim
449 2165 528 2235 spes
555 2145 665 2216 omnis
691 2146 726 2214 in
752 2143 862 2216 Bruto
897 2143 1123 2232 expediendo,
1157 2142 1200 2213 de
1227 2163 1295 2231 quo
1321 2162 1379 2213 ve-

254 2266 432 2337 hementer
458 2265 674 2335 timebamus.
731 2267 764 2334 3.
805 2264 882 2354 Ego
910 2263 966 2333 hic
993 2283 1069 2333 cum
1095 2262 1232 2333 homine
1249 2261 1380 2334 furioso

253 2386 337 2456 satis
369 2384 481 2455 habeo
515 2383 644 2472 negotii
677 2381 834 2472 Servilio,
868 2402 969 2472 quem
1002 2382 1066 2452 tuli
1097 2381 1237 2470 diutius,
1278 2403 1382 2472 quam

253 2503 403 2593 dignitas
429 2521 506 2572 mea
532 2500 742 2591 patiebatur,
771 2502 830 2572 sed
858 2501 922 2572 tuli
948 2501 1001 2571 rei
1027 2500 1184 2590 publicae
1203 2521 1318 2591 causa,
1338 2523 1382 2572 ne

254 2623 372 2693 darem
412 2621 557 2711 perditis
597 2620 728 2691 civibus
760 2620 933 2692 hominem
964 2641 1086 2710 parum
1125 2641 1245 2691 sanum
1285 2621 1384 2692 illurn

255 2742 392 2832 quidem
419 2740 479 2811 sed
505 2746 619 2810 tamen
647 2739 809 2830 nobilem,
834 2762 902 2829 quo
922 2745 1185 2825 concurrerent3
1212 2782 1264 2792 —
1290 2741 1384 2830 quod

254 2861 384 2932 faciunt
410 2860 517 2932 nihilo
544 2863 668 2947 minus,
695 2861 756 2932 sed
783 2882 859 2932 eum
887 2861 1104 2931 alienandum
1133 2881 1154 2930 a
1181 2880 1218 2930 re
1245 2860 1386 2949 publica

255 3003 323 3053 non
349 2981 513 3071 putabam
540 3005 606 3050 —:
635 2979 738 3052 finem
764 2980 830 3052 feci
858 2979 931 3051 eius
948 2979 1093 3066 ferendi,
1113 2987 1274 3070 coeperat
1292 2980 1384 3050 enim

255 3123 332 3174 esse
358 3106 455 3173 tanta
481 3101 675 3194 insolentia,
702 3107 741 3171 ut
767 3101 937 3171 neminem
965 3100 1111 3171 liberum
1139 3101 1290 3172 duceret.
1341 3099 1385 3172 ln

255 3221 373 3293 Planci
401 3243 483 3293 vero
511 3241 615 3292 causa
641 3221 772 3291 exarsit
804 3219 998 3290 incredibili
1030 3219 1149 3291 dolore
1182 3240 1386 3310 mecumque

256 3363 320 3433 per
347 3342 487 3413 biduum
514 3343 563 3411 ita
596 3340 770 3412 contendit
802 3344 838 3411 et
870 3361 890 3411 a
923 3360 977 3411 me
1009 3340 1059 3410 ita
1091 3339 1221 3411 fractus
1255 3345 1318 3428 est,
1346 3347 1387 3411 ut

257 3483 335 3534 eum
362 3463 396 3531 in
424 3466 618 3551 pertetuum
647 3460 889 3532 modestiorem
915 3480 1051 3550 sperem
1077 3460 1162 3532 fore.
1217 3460 1331 3551 Atque
1349 3462 1386 3532 in

257 3581 322 3653 hac
349 3581 566 3652 contentione
597 3581 673 3670 ipsa
707 3600 783 3650 cum
816 3580 965 3652 maxime
998 3600 1055 3651 res
1088 3587 1251 3669 ageretur
1284 3602 1315 3650 a.
1351 3581 1385 3651 d.

260 3699 290 3771 V
321 3700 403 3772 Idus
436 3700 575 3789 Apriles
607 3700 744 3770 litterae
777 3700 861 3769 mihi
896 3700 931 3770 in
965 3707 1087 3770 senatu
1119 3700 1275 3771 redditae
1307 3705 1390 3771 sunt

259 3841 280 3891 a
311 3819 460 3891 Lentulo
487 3824 605 3891 nostro
633 3820 675 3890 de
710 3818 843 3909 Cassio,
880 3820 922 3891 de
955 3819 1162 3910 legionibus,
1196 3820 1238 3890 de
1274 3819 1387 3911 Syria,

260 3960 345 4030 quas
373 3941 487 4011 statim
516 3960 592 4011 cum
618 3940 865 4029 recitavissem,
890 3939 1012 4011 cecidit
1036 3939 1213 4032 Servilius,
1234 3941 1388 4030 complu-

260 4079 317 4131 res
349 4064 544 4149 praeterea,
571 4065 728 4132 —sunt
759 4062 849 4132 enim
884 4059 1036 4149 insignes
1070 4059 1201 4148 aliquot
1233 4062 1291 4150 qui
1324 4061 1389 4131 im-

260 4180 465 4271 probissime
492 4182 644 4253 sentiunt
677 4222 737 4271 -‚
765 4181 826 4252 sed
854 4180 1075 4252 acerbissime
1109 4181 1189 4251 tulit
1222 4180 1389 4253 Servilius
