3082 4856
1160 285 1200 350 27

112 469 202 534 nimo
230 470 338 531 vestro
362 485 516 534 consensu
537 467 743 535 hmdamenta
763 469 810 534 rei
832 469 986 551 pubhcae,
1003 470 1102 535 serius
1118 473 1244 536 omnino

116 589 214 654 quam
239 570 348 634 decuit
370 607 411 616 -
434 589 492 635 nec
514 571 597 636 enlm
619 575 694 636 ante
715 573 806 652 potui
822 608 874 650 -,
897 573 952 636 sed
974 577 1081 638 tamen
1103 573 1130 637 si
1148 593 1187 638 ex
1207 591 1244 638 eo

117 677 272 753 tempore,
288 671 356 735 dies
377 671 483 736 nullus
502 673 701 738 intermissus
724 679 817 752 esset,
832 673 951 738 bellum
965 674 1108 756 prolecto
1124 675 1245 740 nullum

116 772 339 839 haberemus‘.
372 772 453 838 Tum
473 792 547 839 vero
570 775 612 839 ad
634 776 766 841 eandem
788 776 977 841 sententiam
996 780 1028 840 et
1049 776 1246 858 probandam

115 883 148 942 et
175 874 399 957 explicandam
425 881 552 956 praeter
573 878 690 942 multos
712 879 808 957 locos,
830 878 885 942 uhi
908 879 1106 943 decretorum
1121 879 1246 943 illorum

113 979 240 1044 mentio
262 975 309 1057 fit,
330 978 418 1041 velut
438 977 521 1043 Phil.
543 979 571 1044 V
593 979 644 1058 28;
666 979 729 1044 VH
756 981 871 1060 9-133
899 979 961 1044 XII
990 982 1020 1062 2,
1046 980 1125 1046 haec
1149 981 1246 1062 perti-

114 1087 210 1145 nent:
248 1078 331 1143 Phil.
364 1078 393 1143 V
419 1081 459 1144 31
489 1079 599 1146 Cicero
626 1081 750 1146 dixerat
777 1099 861 1163 ,rem
888 1081 1170 1146 administrandam
1197 1100 1247 1146 ar-

114 1182 222 1247 bitror
245 1181 312 1246 sine
334 1182 400 1246 ulla
420 1200 510 1247 mora
531 1187 564 1246 et
585 1183 750 1248 confestim
772 1185 941 1264 gerendam
958 1201 1085 1261 cense0;
1107 1183 1246 1249 tumul-

115 1291 197 1349 tum
227 1284 393 1362 decerni,
421 1285 603 1352 iustititium
630 1287 719 1364 edici,
748 1304 839 1367 saga
866 1287 961 1350 sumi
989 1287 1058 1350 dico
1088 1291 1244 1368 oportere,

118 1388 309 1453 dilectum
330 1386 467 1451 haberi
495 1388 665 1454 sublatis
692 1388 965 1454 vacationibus
991 1389 1025 1454 in
1052 1389 1131 1454 urhe
1152 1393 1185 1454 et
1207 1388 1246 1454 in

118 1491 242 1555 Italia
261 1495 390 1572 praeter
412 1489 550 1556 Galliam
571 1494 682 1570 tota“,
712 1496 744 1556 et
770 1491 866 1573 paulo
894 1497 967 1573 post
991 1491 1025 1574 (ἓ
1053 1493 1123 1572 34):
1153 1510 1246 1572 „qua-

121 1597 253 1675 propter
279 1611 319 1656 ne
346 1591 446 1658 multa
472 1592 564 1657 nobis
592 1593 707 1658 cotidie
740 1594 937 1672 decernenda
963 1594 1036 1673 sint,
1065 1598 1125 1658 cet.
1154 1629 1192 1640 -
1220 1593 1247 1658 si

124 1694 205 1760 haec
226 1694 417 1773 censueritis,
440 1713 471 1776 p.
495 1713 531 1774 c,
559 1695 646 1760 brevi
673 1700 816 1776 tempore
842 1695 1021 1760 hbertatem
1048 1696 1157 1778 populi
1184 1695 1247 1761 Ro-

126 1797 212 1862 mani
232 1796 516 1877 auctoritatemque
537 1801 674 1862 vestram
702 1798 943 1879 recuperabitis3
967 1799 994 1862 si
1016 1803 1123 1862 autem
1145 1798 1248 1862 lenius

126 1901 234 1981 agetis
263 1905 371 1964 tamen
394 1900 513 1979 eadem,
541 1901 596 1966 sed
623 1901 758 1966 fortasse
786 1902 885 1966 serius
913 1902 1116 1966 decernetis.
1160 1900 1248 1977 Quae

126 2021 202 2067 uero
224 2008 389 2067 censuerat
411 2001 521 2066 Cicero
544 2020 581 2066 eo
603 2008 747 2084 tempore
762 2020 826 2067 non
841 2008 915 2066 sunt
930 2004 1073 2068 decreta:
1096 2004 1191 2067 immo
1208 2002 1248 2068 de

129 2121 209 2185 pace
226 2105 319 2184 legati
340 2105 478 2170 suntad
499 2105 673 2170 Antonium
694 2105 791 2170 missi.
825 2104 936 2185 ltaque
959 2103 1067 2169 Olcero
1096 2105 1177 2168 Phil.
1203 2105 1248 2170 VI

134 2208 173 2272 16
195 2206 312 2271 duobus
332 2211 405 2289 post
427 2206 538 2272 diebus
559 2207 592 2271 in
620 2207 771 2272 concione
793 2206 871 2271 haec
893 2206 987 2271 dixit:
1016 2207 1136 2288 ,minus
1158 2207 1248 2271 hodi·

130 2327 203 2374 erno
225 2310 275 2374 die
297 2309 454 2388 contendi,
477 2309 579 2374 minus
601 2308 753 2388 laboravi,
774 2314 811 2375 ut
832 2309 909 2374 mihi
924 2313 1052 2374 senatus
1067 2309 1248 2374 adsentiens

128 2413 295 2478 tumultum
317 2412 502 2477 decerneret
524 2429 600 2492 saga
622 2412 703 2477 sumi
724 2411 863 2476 iuberet:
885 2412 983 2477 malui
1003 2412 1115 2492 viginti
1137 2412 1249 2477 diebus

127 2519 199 2596 post
219 2515 408 2580 sententiam
430 2532 531 2579 meam
553 2514 677 2578 laudari
698 2514 739 2578 ab
760 2513 906 2579 omnibus
927 2533 1020 2595 quam
1036 2534 1055 2577 a
1069 2515 1178 2596 paucis
1192 2515 1249 2578 ho·

127 2617 178 2682 die
199 2617 398 2699 vituperari‘.
442 2617 546 2698 Atque
573 2617 655 2681 Phil.
683 2616 761 2682 VIII
787 2633 850 2680 uno
878 2633 985 2681 mense
1007 2622 1088 2698 post,
1113 2634 1184 2681 cum
1204 2617 1249 2682 le·

126 2720 193 2800 gati
208 2719 334 2784 iniectis
354 2719 450 2784 rebus
472 2720 649 2798 rediissent,
672 2717 782 2783 hahita
803 2718 882 2783 haec
903 2722 1028 2782 exstant
1050 2719 1080 2801 (ξ
1102 2719 1153 2800 2):
1177 2722 1250 2799 „tu-

128 2825 288 2889 multum
310 2823 471 2904 appellare
498 2821 661 2886 malebant
689 2820 851 2902 (hesterno
880 2819 967 2901 die)“
991 2825 1023 2884 et
1046 2819 1078 2904 (ὗ
1101 2819 1152 2904 6);
1181 2820 1249 2904 ,di-

130 2925 253 2990 lectus
275 2921 1250 3003 totaItaliadecretisublatisvacationibus,saga

132 3044 212 3092 oras
235 3030 466 3093 sumentur“.

229 3129 247 3212 ἓ
269 3132 300 3195 2.
344 3129 451 3194 Media
472 3146 546 3212 pars
569 3128 721 3210 epistolae
743 3127 777 3192 in
798 3125 945 3191 laudibus
967 3125 1065 3208 ipsius
1088 3123 1249 3189 Olceronis

129 3232 347 3312 praedicandis
368 3236 521 3298 versatur.
565 3232 624 3297 Est
646 3238 751 3297 autem
772 3231 833 3295 hoc
854 3246 952 3310 genus
973 3229 1077 3310 ipsum
1099 3227 1251 3292 laudandi

128 3332 288 3400 Ciceronis
310 3335 473 3416 proprium
493 3351 552 3398 nec
573 3335 734 3398 minimam
756 3337 878 3414 partem
900 3333 933 3397 in
955 3331 1097 3412 epistolis
1117 3348 1250 3423 usurpa·

127 3441 206 3502 tum
249 3437 355 3517 Atque
377 3435 410 3500 iu
432 3435 492 3500 hac
514 3437 648 3517 epistola
675 3436 837 3500 eominus
859 3435 1016 3500 offendere
1038 3433 1141 3513 debet,
1165 3433 1250 3516 quod

125 3538 157 3602 id
177 3539 285 3619 ipsum
307 3538 373 3618 agit
395 3536 514 3618 cicero,
537 3542 574 3603 ut
596 3538 877 3603 communicatione
898 3537 1102 3602 consih0rum
1116 3538 1251 3602 nonnul·
1290 3577 1302 3604 .

126 3640 163 3706 lIs
186 3640 349 3705 mensibus
370 3639 550 3706 intermissa
571 3657 645 3704 suas
665 3641 699 3704 in
719 3658 755 3704 re
776 3639 903 3722 pubhca
919 3640 1137 3705 contentiones
1152 3639 1250 3704 actio·

126 3761 248 3824 nosque
263 3743 363 3808 Bruto
386 3749 523 3826 exponat
544 3749 577 3808 et
599 3742 805 3807 commendet.
849 3741 937 3820 Quae
951 3742 1002 3806 hic
1017 3741 1056 3806 de
1078 3761 1111 3806 se
1126 3740 1250 3824 praedi·

127 3851 190 3927 cat,
214 3844 256 3910 ad
277 3863 315 3910 ea
335 3845 477 3927 proxime
498 3845 662 3923 accedunt,
685 3861 766 3927 quae
788 3844 869 3908 Phil.
887 3844 949 3910 VlI
967 3846 1010 3910 20
1034 3844 1123 3908 dicit:
1147 3842 1250 3924 „equi-

126 3949 203 4014 dem
224 3966 289 4011 non
310 3949 419 4012 deero:
441 3947 576 4012 monebo
598 3945 779 4029 praedicam
796 3947 991 4011 denuntIabo
1013 3945 1155 4010 testabor
1170 3963 1251 4012 sem·

127 4069 185 4134 per
208 4050 284 4116 deos
305 4050 511 4132 hominesque
538 4049 615 4133 quid
640 4049 784 4130 sentiam,
812 4067 871 4114 nec
898 4049 999 4114 solum
1020 4046 1115 4114 fidem
1136 4066 1249 4129 meam,

130 4154 217 4237 quod
242 4151 378 4218 fortasse
405 4153 549 4218 videatar
575 4154 652 4219 satis
679 4171 756 4233 esse,
785 4153 900 4218 sedin
927 4151 1068 4234 principe
1095 4152 1156 4217 civi
1186 4170 1250 4217 non
