3048 4850
1166 305 1204 371 81

135 501 195 574 rat,
219 501 252 560 et
272 495 424 560 memoria
444 495 625 574 tenendum,
648 493 675 557 si
696 493 729 557 in
752 491 856 558 Gallie
876 493 1032 560 Antonius
1047 493 1189 574 superior
1205 493 1251 558 di·

136 599 298 662 suessisset
319 595 487 661 Dolabella
508 596 657 660 incolumi
678 595 852 677 opibusque
874 596 941 660 eius
962 595 1089 661 interim
1104 595 1252 660 corrobo-

135 701 222 779 ratis,
256 700 398 766 futurum
429 699 525 763 fuisse
552 702 588 763 ut
614 713 729 779 anceps
755 699 801 763 rei
830 697 974 779 publicae
1000 698 1173 780 periculum
1194 700 1253 763 im·

136 802 297 883 ponderet.

143 931 146 936 ·
240 906 344 984 Atque
376 921 457 984 quae
483 904 516 968 in
542 902 769 984 posterioribus
791 901 933 983 epistolis
955 900 995 965 ad
1015 901 1149 965 Brutum
1172 902 1255 966 datis

139 1008 179 1071 de
200 1007 260 1070 hac
281 1023 316 1070 re
338 1006 542 1070 inveniuntur
564 1010 709 1070 accurate
731 1022 801 1069 cum
822 1004 883 1068 hoe
904 1005 973 1070 loco
996 1004 1175 1069 concinunt.
1206 1003 1255 1068 Ex

140 1106 274 1190 epistola
300 1107 316 1170 Ι
343 1110 410 1187 5,1
440 1115 572 1189 apparet
604 1107 781 1188 quindecim
803 1105 914 1170 diebus
935 1104 1111 1189 posthanc
1133 1106 1172 1170 de
1194 1125 1257 1187 qua

141 1211 261 1290 agimus
283 1209 400 1290 datam,
424 1211 557 1275 victoria
579 1209 663 1290 apud
684 1209 801 1274 Forum
823 1207 986 1286 Gallorum
1006 1207 1133 1273 interim
1154 1215 1256 1290 parta,

141 1318 268 1377 senatus
302 1313 481 1378 consultum
514 1313 552 1377 de
584 1311 750 1376 Dolabella
776 1312 991 1394 persequendo
1013 1312 1107 1393 plane
1128 1311 1161 1375 in
1184 1329 1258 1375 ean-

142 1416 214 1479 dem
240 1415 428 1479 sententiam
457 1433 526 1480 esse
554 1414 683 1493 lactum,
711 1432 805 1495 quam
826 1411 962 1478 in'Pbil.
983 1413 1030 1477 XI
1051 1414 1114 1477 iam
1136 1414 1258 1478 dixerat

142 1517 263 1582 Cicero.
302 1516 376 1598 Ipse
408 1517 441 1582 in
474 1517 583 1582 eadem
615 1517 671 1582 illa
703 1515 846 1598 epistola,
884 1534 955 1581 cmn
977 1516 1072 1580 etiam
1099 1515 1138 1580 de
1163 1515 1260 1580 Muti-

141 1619 232 1684 nensi
263 1620 383 1702 proelio
418 1621 534 1684 certior
567 1628 649 1684 esset
681 1618 794 1699 factus,
822 1637 950 1700 prorsus
975 1618 1060 1682 idem
1093 1618 1177 1699 quod
1199 1618 1260 1682 hoc

142 1722 212 1786 loco
244 1721 344 1786 Bruto
379 1720 499 1801 suadet,
527 1739 598 1786 cum
626 1722 671 1788 sic
702 1721 825 1785 scribit:
848 1721 1010 1803 „equidem
1031 1721 1076 1784 sic
1098 1721 1210 1799 sentio,
1234 1721 1261 1784 si

143 1842 271 1888 manum
292 1823 398 1902 habet,
422 1825 448 1888 si
472 1829 583 1903 castra,
607 1825 634 1888 si
655 1823 711 1889 ubi
733 1824 885 1888 consistat
901 1823 1023 1903 uspiam
1037 1822 1206 1887 Dolabella
1220 1822 1262 1885 ad

144 1925 238 1990 fidem
260 1932 292 1991 et
315 1927 356 1990 ad
378 1927 565 2006 dignitatem
586 1932 674 1990 tuam
695 1926 853 2007 pertinere
875 1942 947 1989 eum
969 1924 1130 2006 persequi“
1146 1942 1173 1987 e.
1189 1942 1219 2004 q.
1237 1942 1260 1988 s.

146 2034 178 2093 et
199 2030 294 2110 paulo
317 2033 389 2111 post
410 2029 503 2092 huius
524 2029 622 2110 ipsius
645 2029 795 2111 epistolae
817 2045 949 2092 memor:
972 2031 1084 2106 ,atque
1105 2026 1166 2091 hoo
1185 2025 1264 2090 mihi

145 2131 209 2195 iam
236 2136 313 2195 ante.
339 2131 495 2213 placuisse
516 2135 607 2212 potes
629 2149 667 2194 ex
689 2129 902 2212 superioribus
923 2130 1001 2193 meis
1023 2129 1137 2192 litteris
1159 2144 1263 2192 recor·

147 2234 225 2311 dari,
259 2251 450 2314 quamquam
478 2239 545 2296 tum
568 2239 600 2297 et
621 2233 714 2314 fugae
735 2238 846 2314 portus
868 2231 990 2296 eratin
1011 2230 1075 2295 tuis
1097 2231 1209 2294 castris
1232 2236 1265 2293 et

147 2334 321 2400 subsidium
353 2336 464 2412 salutis
490 2335 524 2399 in
551 2340 607 2399 tuo
634 2333 791 2414 exercitu,
810 2352 871 2417 quo
899 2333 998 2414 magis
1025 2351 1108 2397 nunc
1129 2331 1264 2412 liberati,

147 2445 182 2503 ut
204 2454 305 2518 spero,
328 2438 531 2518 perieulisin
551 2437 719 2502 Dolabella
741 2436 944 2519 opprimendo
968 2435 1113 2517 occupati
1128 2452 1196 2498 esse
1210 2435 1265 2498 de-

148 2539 284 2604 bemus.“
328 2540 379 2603 Ad
413 2548 587 2604 extremum
613 2545 719 2605 tamen
746 2541 824 2604 haec
846 2539 949 2604 addit:
972 2539 1043 2616 ,sed
1064 2536 1125 2602 hoo
1148 2539 1266 2618 cogita·

151 2642 199 2705 bis
220 2642 409 2722 diligentius,
434 2647 554 2706 statues
576 2644 761 2724 sapienter“.
803 2642 917 2724 Itaque
939 2660 1010 2706 cum
1031 2658 1154 2723 semper
1174 2640 1267 2704 Bruti

151 2745 189 2808 de
216 2762 254 2808 ea
281 2762 315 2808 re
342 2743 476 2810 liberum
503 2744 653 2810 iudicium
675 2761 743 2809 esse
765 2743 916 2808 voluisset
937 2763 1039 2826 neque
1060 2749 1184 2808 tantum
1206 2742 1267 2808 sibi

150 2847 343 2928 sumpsisset,
371 2851 407 2909 ut
435 2863 473 2909 ex
499 2864 556 2911 suo
584 2846 715 2910 arbitrio
747 2846 913 2928 quicquam
940 2847 971 2909 ei
998 2851 1116 2909 certum
1140 2849 1172 2908 et
1195 2863 1267 2909 eon-

150 2949 295 3012 stitutum
318 2948 557 3030 praescriberet,
581 2949 741 3029 aliquanto
763 2954 835 3030 post
858 2951 919 3030 (ep.
941 2945 958 3011 I
979 2949 1008 3026 2,
1032 2947 1065 3028 2)
1082 2947 1127 3011 sie
1141 2948 1266 3011 scribit:

151 3057 255 3131 ,tuum
289 3051 457 3116 consilium
485 3051 685 3116 vehementer
716 3050 822 3128 laudo,
850 3050 935 3132 quod
955 3067 1019 3114 non
1040 3050 1127 3131 prius
1150 3049 1268 3114 exerci-

150 3159 217 3216 tum
240 3152 408 3234 Apollonia
430 3153 691 3235 Dyrrhachioque
712 3153 847 3230 movisti,
871 3169 964 3233 quam
987 3152 1026 3216 de
1049 3151 1179 3215 Antonii
1193 3149 1269 3231 fuga

152 3255 277 3333 audisti,
300 3254 391 3319 Bruti
412 3255 586 3337 eruptione,
608 3255 717 3336 populi
738 3254 872 3319 Romani
883 3253 1042 3318 victoria“.
1084 3253 1147 3318 Sed
1157 3259 1270 3334 posteo

153 3375 223 3420 cum
245 3365 379 3423 exeunte
402 3374 507 3421 mense
528 3357 612 3422 Maio
634 3357 807 3422 timendum
830 3361 921 3435 esset,
944 3373 984 3420 ne
1006 3355 1048 3420 M.
1072 3356 1227 3420 Antonius
1250 3374 1269 3421 a

153 3459 275 3540 Lepido
308 3461 501 3540 reciperetur
527 3465 560 3523 et
587 3459 685 3540 magis
707 3459 802 3523 etiem
825 3463 992 3540 postquam
1015 3457 1060 3522 illi
1084 3475 1119 3521 se
1140 3458 1270 3522 coniun-

153 3568 275 3642 xerunt,
298 3563 432 3626 Brutum
454 3563 486 3626 in
508 3561 632 3626 ltaliam
655 3579 811 3626 arcessere
833 3579 896 3625 non
918 3561 1012 3625 desiit
1026 3563 1068 3644 ·).,

256 3666 274 3748 ᾗ
295 3667 327 3730 4.
366 3665 499 3730 Brutum
534 3662 718 3728 videbamus
739 3664 891 3745 pecuniae
913 3663 1076 3745 penuriam
1099 3680 1169 3727 cum
1191 3679 1270 3725 nun·

155 3767 208 3849 tiop
229 3766 268 3830 de
295 3767 371 3832 Asia
399 3768 514 3833 amissa
541 3771 573 3832 et
595 3784 615 3830 a
636 3765 804 3832 Dolabella
829 3772 943 3831 vexata
964 3766 1120 3832 artissima
1143 3765 1271 3832 coniun-

155 3885 229 3948 gere
257 3867 303 3950 (ΙΙ
330 3871 360 3947 3,
382 3870 427 3952 5),
450 3887 546 3950 quare
568 3867 679 3933 Cicero
702 3885 827 3950 quoque
847 3868 899 3932 hic
920 3868 1144 3948 cogitationem
1164 3886 1185 3932 a
1205 3866 1271 3934 Do·

155 4012 358 4026 -u——u-—a——n-

260 4107 283 4173 ¹)
302 4103 351 4158 cfr
374 4119 436 4173 opp.
459 4105 494 4159 ad
517 4105 562 4160 Br.
586 4105 599 4160 I
621 4105 659 4172 (3,
681 4105 724 4173 2),
746 4103 771 4171 9,
793 4104 823 4169 3,
845 4103 886 4167 10,
904 4104 929 4170 1,
945 4106 972 4170 4,
991 4105 1019 4169 ὁ,
1037 4103 1078 4169 12,
1096 4104 1121 4170 2,
1137 4103 1167 4170 3,
1184 4103 1226 4168 14,
1243 4103 1271 4170 1,

159 4188 511 4256 lb,12;18,1,‘2,b;ad
529 4190 593 4246 fam.
611 4189 860 4257 X114,2;25,2;
878 4186 1120 4262 X118,1;10,4.

1170 4291 1187 4346 6
