3082 4856
1277 303 1298 369 9

213 495 309 571 atque
328 489 363 554 in
390 505 483 553 suum
509 505 601 552 usum
622 487 838 568 transtulisse;
865 505 969 569 neque
995 488 1052 553 nbi
1072 490 1179 571 plures
1201 490 1252 554 vel
1271 489 1342 570 plu-

213 591 284 658 rimi
305 591 368 656 loci
389 592 518 654 exstant
539 589 679 654 eiusdem
702 589 836 670 generis,
858 591 892 654 in
913 590 963 654 his
984 590 1185 672 potissimum
1200 590 1343 671 epistolis

212 694 346 759 eandem
366 692 419 756 vel
435 691 627 756 sententiam
648 691 700 755 vel
721 691 913 757 locutionem
940 709 999 774 per
1025 693 1169 757 fraudem
1198 691 1343 757 Ciceroni

211 794 410 878 suppositam
431 810 500 858 esse
526 797 614 858 recte
641 794 803 858 statuitur.
854 794 947 871 Quod
975 794 1002 858 si
1028 795 1075 859 ita
1096 798 1189 873 esset,
1213 793 1342 859 omnino

211 915 276 962 non
297 895 367 961 fieri
388 913 491 978 posse,
513 900 550 959 ut
572 913 611 959 ex
632 895 792 961 latinitate
813 897 928 962 harum
950 897 1158 977 epistolarum
1173 897 1343 977 quicquam

112 1033 126 1062 .
211 1000 252 1064 de
283 997 347 1063 fide
380 1015 489 1062 earum
521 997 699 1078 colligatur,
729 997 799 1079 quis
825 1016 891 1062 non
918 998 1025 1063 videt?
1059 997 1163 1076 Quam
1190 998 1232 1062 ob
1264 1014 1341 1076 rem,

211 1100 327 1182 quibus
364 1100 516 1181 exemplis
554 1098 723 1163 afferendis
754 1098 903 1181 Meyerus
935 1099 969 1163 id
1002 1100 1088 1181 quod
1130 1100 1192 1164 sibi
1226 1117 1343 1183 propo-

211 1204 328 1268 suisset
360 1220 395 1266 se
428 1205 632 1266 consecutum
665 1217 734 1264 esse
766 1201 939 1266 arbitratus
977 1206 1036 1281 est,
1068 1201 1182 1266 iisdem
1220 1201 1343 1282 quomi-
1462 1225 1465 1230 ·

211 1322 272 1369 nus
299 1304 341 1368 ad
367 1321 471 1368 meam
498 1303 657 1367 rationem
686 1302 885 1383 probandam
910 1308 994 1383 utar,
1021 1303 1102 1369 nihil
1128 1302 1276 1385 impediri
1296 1302 1343 1366 vi-

211 1406 299 1471 deor.
334 1403 482 1470 Ceterum
502 1404 573 1486 ipsa
593 1403 754 1469 latinitate
781 1404 961 1469 examinata
988 1405 1041 1469 vix
1067 1406 1236 1486 quicquam
1264 1404 1343 1470 certi

212 1508 254 1573 ad
286 1508 504 1589 quaestionem
536 1506 577 1570 de
609 1524 672 1587 qua
699 1507 805 1587 agitur
839 1507 1076 1572 diiudicandam
1110 1506 1216 1572 afferri
1248 1523 1343 1587 posse

213 1609 480 1674 contendentibus
494 1609 520 1691 ¹)
544 1609 683 1673 concedo
705 1609 767 1673 hoc
789 1613 886 1690 capnt
905 1609 954 1673 rei
974 1626 1040 1673 non
1061 1625 1140 1673 esse.

314 1711 411 1776 Initio
445 1729 516 1775 cum
542 1710 622 1774 mihi
647 1711 893 1792 proposuissem,
921 1715 958 1774 ut
985 1728 1094 1775 omnes
1123 1709 1284 1774 Ciceronis
1311 1713 1344 1775 ct

212 1813 305 1879 Bruti
325 1814 476 1896 epistolas
498 1818 626 1877 mutuas
648 1831 687 1876 ea
708 1831 804 1894 quam
825 1810 1001 1892 significavi
1020 1813 1146 1877 ratione
1168 1815 1344 1893 pertracta·

212 1934 289 1993 rem,
315 1933 429 1997 parum
456 1915 515 1980 otii
546 1915 588 1979 ad
614 1915 813 1996 propositum
840 1914 1092 1995 persequendum
1115 1918 1228 1978 nactus
1250 1918 1283 1978 et
1304 1931 1345 1977 ne

212 2015 293 2082 fines
313 2019 415 2082 iustos
435 2017 618 2081 huiusmodi
639 2017 872 2081 dissertationis
898 2017 1076 2096 transirem,
1104 2018 1138 2080 in
1165 2017 1205 2080 iis
1227 2016 1345 2095 episto·

214 2118 265 2196 lis,
293 2135 374 2198 quae
400 2135 483 2181 nunc
508 2117 604 2197 vulgo
633 2117 772 2182 secundo
798 2117 881 2182 libro
909 2118 1122 2197 continentur,
1149 2117 1345 2199 explicandis

215 2219 294 2282 mihi
316 2218 549 2284 consistendum
571 2218 643 2283 fuit.
686 2219 789 2283 Huius
816 2219 890 2283 libri
916 2219 1070 2299 epistolae
1096 2219 1283 2283 condicione
1304 2235 1343 2283 eo

213 2320 342 2386 fuerunt
363 2321 500 2399 duriore,
524 2321 611 2402 quod
629 2322 709 2385 nulli
732 2339 841 2386 earum
863 2324 990 2386 exstant
1010 2320 1084 2385 libri
1105 2321 1341 2402 manuscripti,

213 2439 316 2504 neque
348 2443 367 2486 a
399 2441 559 2504 quoquam
591 2423 791 2504 antiquitatis
824 2428 955 2489 auctore
987 2427 1273 2488 commemorantur
1299 2428 1341 2504 et,

214 2529 385 2606 antequam
406 2543 426 2590 a
448 2523 625 2590 Cratandro
644 2543 727 2590 anno
753 2526 835 2591 1528
857 2526 1027 2591 ederentur
1037 2524 1074 2605 ²),
1096 2543 1227 2607 prorsus
1253 2527 1344 2606 igno·

213 2632 267 2694 tae
287 2627 385 2692 irrisae
406 2627 566 2692 videntur.
597 2628 773 2708 Propterea
794 2628 837 2692 ab
858 2627 1034 2694 editoribus
1056 2629 1198 2710 priorum
1218 2632 1344 2709 tempo-

212 2747 284 2794 rum
307 2730 476 2812 ,epistolae
497 2747 517 2792 a
539 2728 706 2794 Germanis
728 2730 805 2794 olim
827 2734 972 2811 repertae
999 2734 1033 2794 et
1058 2730 1179 2795 editae“
1202 2731 1344 2810 appella-

212 2835 266 2896 tae
292 2836 366 2912 post
393 2829 597 2895 Schuetzium
623 2830 751 2895 demum
779 2831 877 2913 ,liber
914 2832 1088 2896 secundus“
1126 2831 1343 2897 inscribuntur

213 2937 247 2998 et
268 2952 288 2998 a
308 2933 468 3014 plerisque
489 2933 603 2996 harum
625 2933 833 3014 epistolarum
862 2933 1130 2998 obtrectatoribus
1157 2934 1253 2998 etiam
1276 2952 1344 2998 ma-

213 3035 261 3116 gis
293 3053 388 3116 quam
417 3035 572 3115 epistolae
604 3035 714 3115 ,primi
747 3035 835 3099 libri‘
869 3035 1037 3114 despectae
1069 3038 1103 3098 et
1130 3038 1341 3116 contemptae,

213 3136 392 3201 Hofmanno
409 3153 535 3217 quoque
550 3137 716 3217 auctore³)
740 3137 781 3200 ab
796 3137 846 3200 his
860 3141 1006 3201 accurate
1025 3135 1237 3216 seiungendae
1258 3140 1342 3201 sunt.

317 3237 379 3315 Qui
394 3242 501 3302 antem
516 3237 669 3319 proximis
687 3238 885 3319 temporibus
900 3238 941 3302 de
965 3238 1079 3302 horum
1094 3238 1249 3302 librorum
1266 3238 1342 3302 scri-

213 3345 341 3422 ptorum
362 3340 515 3404 memoria
536 3345 670 3420 egerunt
697 3340 736 3405 C.
758 3341 905 3422 Voigtius
916 3341 943 3422 ⁴)
972 3340 1119 3422 Meyerus
1130 3340 1157 3420 ⁵)
1186 3340 1343 3405 Lehman-

317 3529 339 3595 ¹)
359 3527 407 3580 Cir
424 3528 529 3596 Meyer.
548 3527 567 3580 l.
586 3543 611 3580 c.
627 3543 655 3595 p.
673 3525 733 3593 10‘1;
751 3528 905 3582 Lehmann.
924 3527 942 3581 l.
963 3543 986 3581 c.
1004 3543 1030 3596 p.
1047 3528 1082 3581 41
1101 3543 1176 3596 supr.

318 3614 342 3679 ²)
368 3612 401 3665 In
428 3613 553 3680 margine
580 3612 651 3666 haec
678 3611 832 3666 adnotavit:
867 3614 961 3668 «Hanc
988 3618 1016 3667 et
1042 3618 1191 3680 sequentes
1218 3614 1342 3680 quinque

216 3697 347 3766 epistolas
365 3696 400 3750 ad
418 3697 542 3762 Brutum,
562 3697 635 3765 quod
653 3712 671 3751 a
688 3698 873 3752 Ciceroniana
889 3697 1014 3752 dictione
1034 3697 1185 3752 abhorrere
1198 3713 1254 3751 non
1265 3696 1342 3752 ride·

215 3783 315 3837 bantur
333 3783 408 3836 etin
426 3787 536 3837 vetusto
557 3781 654 3837 codice
672 3783 793 3852 primum
810 3784 901 3838 locum
925 3784 1094 3846 obtinerent,
1121 3798 1172 3837 nos
1196 3781 1342 3850 haudqua-

215 3881 297 3935 quam
314 3867 578 3935 praetermittendas
597 3867 838 3922 existimavimus«

315 3951 340 4087 23
358 3951 463 4074 rme&
479 3953 778 4075 giesqlrandscriftliche
802 4020 1038 4090 Ueberlieferung
1060 4037 1113 4075 ron
1131 4021 1245 4075 Ciceros
1263 4021 1342 4076 Brio-

213 4103 269 4158 len.
287 4104 351 4158 Ber.
358 4103 391 4242 ld.
403 4105 494 4158 stchs.
514 4106 577 4160 Ges.
597 4104 623 4158 d.
642 4106 727 4160 Wiss.
745 4106 828 4173 (phil.
846 4106 911 4159 hist.
924 4106 1037 4174 Klassc)
1052 4105 1127 4161 1879.
1140 4122 1187 4175 pp.
1195 4107 1238 4172 42,
1247 4107 1290 4173 44,
1299 4107 1340 4162 63.

315 4191 340 4256 ⁶)
370 4230 377 4242 ·
396 4205 419 4242 ⁰·
437 4206 464 4259 n·
483 4191 500 4244 6
518 4205 577 4258 rnr-
