3048 4850
1139 227 1198 293 109

133 416 354 516 spectaverint.
397 416 516 497 Nempe
536 416 609 480 inde
636 415 676 478 ab
699 433 726 478 a.
755 415 785 492 d.
812 413 891 478 XIII
916 415 987 478 Kal.
1015 415 1080 477 Ian.
1108 414 1241 496 quodie

126 493 244 616 ⁴ipabita
266 523 314 582 est
335 517 415 581 Phil.
438 517 494 596 III,
517 517 568 580 vix
595 534 657 580 una
685 519 787 580 exstat
814 517 924 596 oratio,
953 535 1014 598 qua
1034 534 1097 579 non
1118 516 1151 580 id
1172 533 1242 596 ege-

127 605 186 700 Iit,
208 625 244 684 ut
264 620 364 684 hostis
384 619 575 684 iudicaretur
596 618 638 684 M.
662 618 815 684 Antonius
842 618 956 699 quique
978 637 1047 682 eum
1074 619 1173 708 secuti
1194 635 1242 681 es-

126 705 215 814 sent,
237 721 270 784 in
292 721 403 802 quibus
424 721 569 785 nImirum
591 719 689 784 frater
710 725 850 799 uterque.
893 718 973 782 Phil.
1002 719 1031 784 V
1051 718 1180 783 consiIIo
1203 716 1243 782 ad
1275 744 1277 750 ¹

126 825 309 921 ‘Antonium
331 824 450 902 legatos
473 822 512 886 de
532 839 609 902 pace
630 821 775 885 mittendi
802 821 951 885 acerrIme
977 821 1168 903 repugnant,
1191 821 1244 903 qui

136 901 207 1008 cum
236 915 332 988 nihilo
360 925 461 988 minus
488 925 705 987 missi'essent
731 941 788 987 nec
815 923 888 986 dum
915 922 1088 1001 rediissent,
1109 923 1141 985 in
1163 913 1243 986 Phil.

125 1011 199 1090 “vn
222 1045 272 1108 ,se
294 1044 400 1110 pacem
424 1044 492 1089 cum
515 1024 651 1089 Antonio
679 1023 778 1104 nolle“
806 1025 938 1104 Ingenuo
959 1023 1117 1108 professus
1140 1030 1187 1088 est
1210 1021 1244 1110 (ᾗ

132 1127 189 1220 ll),
211 1133 280 1192 tum
302 1127 382 1191 Phil.
404 1127 492 1208 VIII,
518 1126 589 1205 XII,
611 1125 688 1190 XIII
715 1130 810 1205 totae,
839 1127 932 1190 etiam
954 1125 984 1189 X
1010 1130 1041 1189 et
1064 1122 1112 1190 XI
1133 1144 1245 1207 magna

138 1234 288 1310 exparte
309 1230 342 1292 in
364 1229 474 1294 iisdem
496 1228 581 1311 pacIs
604 1217 816 1293 conciliandae
838 1227 973 1291 consiliis
993 1225 1168 1292 refellendis
1182 1229 1245 1292 An-

127 1317 279 1412 'comique
318 1331 459 1411 partibus
496 1328 722 1414 impugnandis
753 1333 924 1408 versantur,
964 1328 1097 1409 denique
1139 1325 1245 1411 paucis

138 1433 249 1497 diebus
270 1437 342 1516 post
367 1433 448 1496 hano
476 1432 640 1514 epistolam
663 1431 766 1495 datam
790 1431 870 1494 Phil.
891 1429 966 1494 XIV
987 1430 1096 1494 habita
1123 1449 1246 1508 ,omnes

137 1535 245 1600 hostes
283 1534 411 1598 iudicati
445 1539 526 1611 sunt,
560 1534 614 1614 qui
646 1533 774 1597 Antonii
806 1537 923 1597 sectam
961 1531 1059 1596 secuti
1091 1532 1195 1597 erant‘
1210 1531 1245 1615 ¹).

138 1637 178 1701 In
204 1637 314 1700 mediis
330 1635 436 1716 ¹igitur
461 1636 509 1700 his
539 1635 684 1714 consiliis,
718 1653 798 1715 quac
826 1633 933 1698 Cicero
955 1633 1040 1698 haud
1065 1635 1170 1714 paucis
1192 1632 1246 1697 ad·

130 1723 335 1801 'versantibus
358 1756 477 1801 summa
500 1738 699 1801 contentione
720 1735 941 1813 insectabatur,
965 1737 1006 1798 Μ.
1022 1735 1148 1815 Brutus,
1164 1735 1247 1816 prin-

141 1857 214 1922 ceps
228 1840 280 1904 ille
294 1838 411 1928 liberae
425 1839 473 1902 rei
488 1837 631 1921 publicae
642 1841 865 1918 propugnator,
883 1842 993 1901 auctor
1010 1837 1130 1900 exstitit
1139 1833 1172 1900 C.
1184 1836 1247 1922 An-

14 1981 15 2028 p
140 1941 227 2007 tonio
239 1940 387 2024 parcendi
398 1945 429 2004 et
441 1940 631 2003 consulendi.
643 1938 739 2002 Cuius
748 1939 828 2001 ratio
841 1939 866 2001 si
878 1939 1035 2017 valuisset,
1046 1955 1170 2002 necesse
1181 1941 1248 2002 erat

14 2047 16 2124 i
141 2045 276 2108 maxima
298 2061 361 2107 non
383 2043 483 2106 solum
506 2038 705 2105 consiliorum
726 2042 845 2105 Romae
860 2040 915 2103 sed
930 2039 1022 2103 ctiam
1039 2058 1151 2118 rerum,
1168 2057 1247 2119 quae

14 2143 15 2148 ’
141 2147 172 2210 in
206 2145 309 2210 Gallia
340 2150 407 2207 tum
434 2144 566 2207 maxime
600 2143 796 2222 gerebantur,
825 2139 908 2205 facta
935 2146 1017 2206 esset
1043 2141 1247 2225 perturbatio

142 2246 269 2312 Litteris
291 2249 395 2309 autem
416 2263 472 2326 pro
495 2243 581 2308 falsis
602 2243 718 2308 habitis
740 2248 772 2306 et
792 2244 963 2324 periculum
990 2243 1066 2306 illud
1087 2244 1247 2323 propulsa-

142 2354 208 2413 tum
231 2352 314 2412 esset
335 2351 367 2410 et
388 2345 484 2410 Bruto
507 2347 546 2410 de
568 2345 688 2410 ratione
710 2346 764 2409 illa
785 2345 987 2426 relinquenda
1008 2345 1101 2409 etiam
1121 2349 1188 2408 tum
1202 2345 1248 2409 in-

14 2461 16 2496 i
142 2441 264 2532 tegrum
287 2454 490 2513 reservatum.

244 2551 261 2632 ἕ
284 2551 314 2616 5.
357 2550 525 2636 Absolutis
545 2569 625 2631 quae
651 2550 691 2612 ad
718 2550 922 2629 praeteritum
947 2549 1146 2631 pertinebant
1171 2553 1249 2614 tem-

141 2672 201 2735 pus
235 2652 342 2716 Olooro
374 2653 436 2715 iam
470 2653 511 2715 ad
536 2651 643 2715 futura
670 2669 835 2715 conversus
862 2653 995 2732 primum
1022 2652 1100 2716 haec
1127 2652 1248 2717 scribit:

142 2773 241 2839 ,nunc
263 2759 350 2818 tuum
374 2757 421 2817 est
443 2753 614 2832 consilium,
637 2753 742 2831 Brute,
766 2753 804 2815 de
831 2758 898 2815 toto
921 2771 1033 2833 genere
1054 2753 1154 2834 belli,¹⁴
1185 2755 1251 2835 qui-

140 2857 202 2920 bus
225 2856 340 2919 diserte
363 2854 437 2918 dicit
459 2855 491 2918 in
512 2856 633 2936 integro
656 2855 750 2918 etiam
771 2859 838 2917 tum
859 2871 925 2916 rem
948 2871 1015 2917 esse
1036 2859 1068 2917 et
1089 2873 1151 2936 qua
1172 2855 1250 2920 Bru·

142 2961 195 3022 tus
216 2958 255 3021 de
278 2974 398 3020 summa
419 2976 453 3020 re
474 2956 598 3037 pubIIca
619 2956 666 3019 uti
687 2957 761 3019 velit
782 2956 904 3019 ratione
925 2955 1021 3036 ipsius
1045 2975 1112 3020 esse
1133 2957 1249 3021 iudicii.

14 3051 16 3132 Ϊ
142 3057 201 3124 His
222 3059 400 3142 praemissis
423 3058 462 3121 ad
478 3075 563 3122 suam
580 3057 694 3121 tranSIt
709 3057 861 3120 rationem
875 3056 1103 3137 proferendam,
1120 3057 1152 3121 id
1167 3060 1250 3139 quod

14 3227 16 3238 ,
141 3163 177 3225 in
198 3161 299 3241 prima
320 3161 451 3241 epistola
471 3161 533 3223 lam
561 3158 717 3240 pollicitus
744 3164 819 3238 erat,
848 3177 927 3239 quae
955 3177 1024 3223 cum
1051 3177 1071 3223 a
1090 3158 1180 3223 Bruti
1201 3178 1250 3224 ra-

14 3243 16 3274 *
143 3263 230 3326 tinne
251 3261 450 3326 vehementer
472 3261 648 3340 abhorreat,
670 3280 709 3326 ne
736 3262 816 3325 hano
842 3278 953 3343 parum
979 3261 1122 3326 videatur
1147 3280 1250 3343 respe-

143 3365 236 3444 xisse,
259 3366 302 3428 sic
324 3365 448 3448 incipit:
477 3365 582 3446 ,video
610 3368 642 3427 te
668 3363 798 3428 lenItate
824 3363 972 3427 delectari
994 3369 1025 3427 et
1048 3382 1118 3428 eum
1138 3369 1249 3445 putare

141 3467 281 3532 fructum
313 3484 380 3530 esse
412 3467 589 3544 maximum,
621 3467 779 3548 praeclare
806 3466 940 3546 quidem,
968 3468 1023 3530 sed
1054 3467 1122 3530 aliis
1147 3468 1250 3548 rebus,

145 3568 215 3634 aliis
238 3568 430 3650 temporibus
451 3566 538 3633 locus
560 3585 627 3632 esse
649 3569 729 3631 solet
751 3567 904 3649 debetque
926 3567 1174 3650 clementiore).

146 3723 349 3744 ““““““’-“-Ρ

249 3840 271 3903 ¹)
290 3838 338 3890 cfr
354 3853 395 3907 ep.
414 3836 512 3891 antur.
530 3837 584 3901 Iu,
601 3837 626 3889 I

246 3921 271 3987 2)
291 3921 337 3976 Cir
354 3938 397 3990 op.
415 3923 450 3977 ad
467 3923 512 3976 Br.
530 3923 543 3976 I
561 3923 585 3988 Ξ,
603 3923 620 3976 5
637 3922 827 3978 «uehementer
844 3937 861 3976 a
877 3927 914 3988 te,
930 3923 1023 3988 Bruto,
1042 3921 1182 3988 dissentio,
1200 3939 1251 3978 uec

148 4006 312 4062 clementiae
330 4011 394 4063 tuae
413 4007 543 4071 concedo,
561 4007 610 4062 sed
629 4007 757 4062 salutari·
770 4008 901 4062 severitas
914 4008 999 4062 vlncit
1010 4008 1120 4061 inanem
1133 4009 1253 4076 speciem

149 4091 335 4156 clementiae»,
353 4106 468 4160 quorum
485 4094 609 4161 proxima
625 4091 708 4146 verba
725 4083 818 4145 attulit
834 4091 920 4144 Amm.
940 4091 1023 4144 Maro.
1042 4089 1131 4144 XXIX
1148 4091 1172 4157 5,
1190 4093 1230 4146 24.
