<?xml version="1.0" encoding="UTF-8"?>
<!DOCTYPE html PUBLIC "-//W3C//DTD XHTML 1.0 Transitional//EN"
    "http://www.w3.org/TR/xhtml1/DTD/xhtml1-transitional.dtd">
<html xmlns="http://www.w3.org/1999/xhtml" xml:lang="en" lang="en">
 <head>
  <title>
</title>
<meta http-equiv="Content-Type" content="text/html;charset=utf-8" />
  <meta name='ocr-system' content='tesseract 3.04.00' />
  <meta name='ocr-capabilities' content='ocr_page ocr_carea ocr_par ocr_line ocrx_word'/>
</head>
<body>
  <div class='ocr_page' id='page_1' title='image "./deciceronisadbr00cicegoog_0115.png"; bbox 0 0 3048 4850; ppageno 0'>
   <div class='ocr_carea' id='block_1_1' title="bbox 364 283 424 348">
    <p class='ocr_par' dir='ltr' id='par_1_1' title="bbox 364 283 424 348">
     <span class='ocr_line' id='line_1_1' title="bbox 364 283 424 348; baseline 0 0"><span class='ocrx_word' id='word_1_1' title='bbox 364 283 424 348; x_wconf 88' lang='lat'>108</span> 
     </span>
    </p>
   </div>
   <div class='ocr_carea' id='block_1_2' title="bbox 321 441 1418 766">
    <p class='ocr_par' dir='ltr' id='par_1_2' title="bbox 321 441 1418 766">
     <span class='ocr_line' id='line_1_2' title="bbox 322 441 1418 554; baseline -0.002 -19"><span class='ocrx_word' id='word_1_2' title='bbox 322 441 585 554; x_wconf 72' lang='lat' dir='ltr'>eum&#39;putandum</span> <span class='ocrx_word' id='word_1_3' title='bbox 608 476 655 536; x_wconf 90' lang='lat' dir='ltr'>est</span> <span class='ocrx_word' id='word_1_4' title='bbox 681 475 768 536; x_wconf 86' lang='lat' dir='ltr'>ante</span> <span class='ocrx_word' id='word_1_5' title='bbox 793 471 849 536; x_wconf 88' lang='lat' dir='ltr'>has</span> <span class='ocrx_word' id='word_1_6' title='bbox 871 491 920 536; x_wconf 90' lang='lat' dir='ltr'>res</span> <span class='ocrx_word' id='word_1_7' title='bbox 946 477 1050 552; x_wconf 85' lang='lat' dir='ltr'>gestas</span> <span class='ocrx_word' id='word_1_8' title='bbox 1079 469 1163 534; x_wconf 91' lang='lat' dir='ltr'>aliud</span> <span class='ocrx_word' id='word_1_9' title='bbox 1192 469 1357 551; x_wconf 90' lang='lat' dir='ltr'>quicquam</span> <span class='ocrx_word' id='word_1_10' title='bbox 1384 467 1418 533; x_wconf 89' lang='lat' dir='ltr'>de</span> 
     </span>
     <span class='ocr_line' id='line_1_3' title="bbox 322 567 1417 654; baseline -0.005 -18"><span class='ocrx_word' id='word_1_11' title='bbox 322 573 431 636; x_wconf 91' lang='lat' dir='ltr'>eodem</span> <span class='ocrx_word' id='word_1_12' title='bbox 452 573 588 637; x_wconf 87' lang='lat' dir='ltr'>Antonio</span> <span class='ocrx_word' id='word_1_13' title='bbox 611 573 743 637; x_wconf 82' lang='lat' dir='ltr'>sensisse</span> <span class='ocrx_word' id='word_1_14' title='bbox 764 573 824 637; x_wconf 93' lang='lat' dir='ltr'>nisi</span> <span class='ocrx_word' id='word_1_15' title='bbox 844 567 937 654; x_wconf 90' lang='lat' dir='ltr'>plane</span> <span class='ocrx_word' id='word_1_16' title='bbox 958 574 1050 650; x_wconf 91' lang='lat' dir='ltr'>idem,</span> <span class='ocrx_word' id='word_1_17' title='bbox 1074 570 1195 635; x_wconf 90' lang='lat' dir='ltr'>senatui</span> <span class='ocrx_word' id='word_1_18' title='bbox 1211 568 1249 634; x_wconf 92' lang='lat' dir='ltr'>de</span> <span class='ocrx_word' id='word_1_19' title='bbox 1265 588 1301 634; x_wconf 91' lang='lat' dir='ltr'>eo</span> <span class='ocrx_word' id='word_1_20' title='bbox 1321 568 1417 633; x_wconf 88' lang='lat' dir='ltr'>decer-</span> 
     </span>
     <span class='ocr_line' id='line_1_4' title="bbox 321 671 1417 766; baseline -0.003 -29"><span class='ocrx_word' id='word_1_21' title='bbox 321 674 458 766; x_wconf 90' lang='lat' dir='ltr'>nendum</span> <span class='ocrx_word' id='word_1_22' title='bbox 480 675 565 738; x_wconf 79' lang='lat' dir='ltr'>esso?</span> <span class='ocrx_word' id='word_1_23' title='bbox 597 675 687 753; x_wconf 82' lang='lat' dir='ltr'>Quod</span> <span class='ocrx_word' id='word_1_24' title='bbox 708 678 813 738; x_wconf 87' lang='lat' dir='ltr'>autem</span> <span class='ocrx_word' id='word_1_25' title='bbox 834 675 951 738; x_wconf 91' lang='lat' dir='ltr'>Brutus</span> <span class='ocrx_word' id='word_1_26' title='bbox 972 671 1069 753; x_wconf 84' lang='lat' dir='ltr'><strong>addit,</strong></span> <span class='ocrx_word' id='word_1_27' title='bbox 1092 672 1175 753; x_wconf 88' lang='lat' dir='ltr'>quod</span> <span class='ocrx_word' id='word_1_28' title='bbox 1196 672 1359 735; x_wconf 91' lang='lat' dir='ltr'>nondum</span> <span class='ocrx_word' id='word_1_29' title='bbox 1377 687 1417 734; x_wconf 84' lang='lat' dir='ltr'>se</span> 
     </span>
    </p>
   </div>
   <div class='ocr_carea' id='block_1_3' title="bbox 321 773 1426 4215">
    <p class='ocr_par' dir='ltr' id='par_1_3' title="bbox 321 773 1422 2466">
     <span class='ocr_line' id='line_1_5' title="bbox 321 773 1418 868; baseline -0.005 -29"><span class='ocrx_word' id='word_1_30' title='bbox 321 780 414 868; x_wconf 86' lang='lat' dir='ltr'>natus</span> <span class='ocrx_word' id='word_1_31' title='bbox 436 775 589 840; x_wconf 81' lang='lat' dir='ltr'>censuerit</span> <span class='ocrx_word' id='word_1_32' title='bbox 615 794 714 856; x_wconf 90' lang='lat' dir='ltr'>neque</span> <span class='ocrx_word' id='word_1_33' title='bbox 740 777 872 858; x_wconf 90' lang='lat' dir='ltr'>populus</span> <span class='ocrx_word' id='word_1_34' title='bbox 898 777 1058 840; x_wconf 87' lang='lat' dir='ltr'>Romanus</span> <span class='ocrx_word' id='word_1_35' title='bbox 1084 774 1216 851; x_wconf 90' lang='lat' dir='ltr'>iusserit,</span> <span class='ocrx_word' id='word_1_36' title='bbox 1244 773 1277 835; x_wconf 94' lang='lat' dir='ltr'>id</span> <span class='ocrx_word' id='word_1_37' title='bbox 1303 791 1338 836; x_wconf 92' lang='lat' dir='ltr'>se</span> <span class='ocrx_word' id='word_1_38' title='bbox 1364 791 1418 835; x_wconf 94' lang='lat' dir='ltr'>non</span> 
     </span>
     <span class='ocr_line' id='line_1_6' title="bbox 321 873 1418 958; baseline -0.004 -18"><span class='ocrx_word' id='word_1_39' title='bbox 321 878 533 958; x_wconf 90' lang='lat' dir='ltr'>praeiudicare</span> <span class='ocrx_word' id='word_1_40' title='bbox 555 895 654 958; x_wconf 88' lang='lat' dir='ltr'>neque</span> <span class='ocrx_word' id='word_1_41' title='bbox 678 878 717 941; x_wconf 89' lang='lat' dir='ltr'>ad</span> <span class='ocrx_word' id='word_1_42' title='bbox 739 896 828 942; x_wconf 89' lang='lat' dir='ltr'>suum</span> <span class='ocrx_word' id='word_1_43' title='bbox 855 878 1018 942; x_wconf 81' lang='lat' dir='ltr'><strong>arbitrium</strong></span> <span class='ocrx_word' id='word_1_44' title='bbox 1043 894 1198 955; x_wconf 86' lang='lat' dir='ltr'>revocare,</span> <span class='ocrx_word' id='word_1_45' title='bbox 1226 893 1330 939; x_wconf 93' lang='lat' dir='ltr'>nonne</span> <span class='ocrx_word' id='word_1_46' title='bbox 1352 873 1418 938; x_wconf 86' lang='lat' dir='ltr'>satis</span> 
     </span>
     <span class='ocr_line' id='line_1_7' title="bbox 323 976 1417 1060; baseline -0.005 -17"><span class='ocrx_word' id='word_1_47' title='bbox 323 979 429 1060; x_wconf 89' lang='lat' dir='ltr'>aperte</span> <span class='ocrx_word' id='word_1_48' title='bbox 450 979 566 1043; x_wconf 90' lang='lat' dir='ltr'>indicat</span> <span class='ocrx_word' id='word_1_49' title='bbox 586 978 646 1042; x_wconf 87' lang='lat' dir='ltr'>hoc</span> <span class='ocrx_word' id='word_1_50' title='bbox 668 984 793 1044; x_wconf 90' lang='lat' dir='ltr'>senatus</span> <span class='ocrx_word' id='word_1_51' title='bbox 821 981 980 1045; x_wconf 90' lang='lat' dir='ltr'>decretum</span> <span class='ocrx_word' id='word_1_52' title='bbox 1002 983 1056 1042; x_wconf 89' lang='lat' dir='ltr'>aut</span> <span class='ocrx_word' id='word_1_53' title='bbox 1081 976 1189 1059; x_wconf 88' lang='lat' dir='ltr'>populi</span> <span class='ocrx_word' id='word_1_54' title='bbox 1215 977 1335 1040; x_wconf 88' lang='lat' dir='ltr'>iussum</span> <span class='ocrx_word' id='word_1_55' title='bbox 1357 993 1417 1038; x_wconf 91' lang='lat' dir='ltr'>eum</span> 
     </span>
     <span class='ocr_line' id='line_1_8' title="bbox 323 1063 1418 1164; baseline -0.007 -18"><span class='ocrx_word' id='word_1_56' title='bbox 323 1086 517 1163; x_wconf 86' lang='lat' dir='ltr'>exspectasse</span> <span class='ocrx_word' id='word_1_57' title='bbox 528 1085 621 1160; x_wconf 91' lang='lat' dir='ltr'>atque</span> <span class='ocrx_word' id='word_1_58' title='bbox 633 1079 727 1144; x_wconf 88' lang='lat' dir='ltr'>etiam</span> <span class='ocrx_word' id='word_1_59' title='bbox 739 1086 805 1144; x_wconf 88' lang='lat' dir='ltr'>tum</span> <span class='ocrx_word' id='word_1_60' title='bbox 817 1079 1016 1164; x_wconf 80' lang='lat' dir='ltr'>exspectare?</span> <span class='ocrx_word' id='word_1_61' title='bbox 1039 1063 1130 1158; x_wconf 80' lang='lat' dir='ltr'>Quod</span> <span class='ocrx_word' id='word_1_62' title='bbox 1142 1079 1216 1141; x_wconf 92' lang='lat' dir='ltr'>dum</span> <span class='ocrx_word' id='word_1_63' title='bbox 1234 1079 1418 1162; x_wconf 80' lang='lat' dir='ltr'>exspectaret</span> 
     </span>
     <span class='ocr_line' id='line_1_9' title="bbox 323 1179 1419 1262; baseline -0.004 -18"><span class='ocrx_word' id='word_1_64' title='bbox 323 1181 366 1244; x_wconf 89' lang='lat' dir='ltr'>sic</span> <span class='ocrx_word' id='word_1_65' title='bbox 388 1199 421 1244; x_wconf 91' lang='lat' dir='ltr'>se</span> <span class='ocrx_word' id='word_1_66' title='bbox 443 1181 613 1246; x_wconf 81' lang='lat' dir='ltr'>Antonium</span> <span class='ocrx_word' id='word_1_67' title='bbox 635 1187 785 1246; x_wconf 83' lang='lat' dir='ltr'>tractasse</span> <span class='ocrx_word' id='word_1_68' title='bbox 807 1183 924 1260; x_wconf 86' lang='lat' dir='ltr'>scribit,</span> <span class='ocrx_word' id='word_1_69' title='bbox 948 1187 983 1245; x_wconf 90' lang='lat' dir='ltr'>ut</span> <span class='ocrx_word' id='word_1_70' title='bbox 1004 1181 1049 1244; x_wconf 93' lang='lat' dir='ltr'>illi</span> <span class='ocrx_word' id='word_1_71' title='bbox 1064 1197 1163 1262; x_wconf 91' lang='lat' dir='ltr'>neque</span> <span class='ocrx_word' id='word_1_72' title='bbox 1180 1179 1346 1260; x_wconf 87' lang='lat' dir='ltr'>quicquam</span> <span class='ocrx_word' id='word_1_73' title='bbox 1361 1197 1419 1241; x_wconf 91' lang='lat' dir='ltr'>cru-</span> 
     </span>
     <span class='ocr_line' id='line_1_10' title="bbox 323 1279 1419 1364; baseline -0.005 -18"><span class='ocrx_word' id='word_1_74' title='bbox 323 1281 434 1346; x_wconf 88' lang='lat' dir='ltr'>deliter</span> <span class='ocrx_word' id='word_1_75' title='bbox 455 1283 588 1364; x_wconf 89' lang='lat' dir='ltr'>eriperet</span> <span class='ocrx_word' id='word_1_76' title='bbox 614 1301 714 1364; x_wconf 89' lang='lat' dir='ltr'>neque</span> <span class='ocrx_word' id='word_1_77' title='bbox 742 1282 891 1346; x_wconf 87' lang='lat' dir='ltr'>dissolute</span> <span class='ocrx_word' id='word_1_78' title='bbox 918 1282 1099 1346; x_wconf 88' lang='lat' dir='ltr'>remitteret.</span> <span class='ocrx_word' id='word_1_79' title='bbox 1142 1281 1283 1361; x_wconf 90' lang='lat' dir='ltr'>Denique</span> <span class='ocrx_word' id='word_1_80' title='bbox 1311 1279 1419 1360; x_wconf 89' lang='lat' dir='ltr'>aliquid</span> 
     </span>
     <span class='ocr_line' id='line_1_11' title="bbox 321 1382 1419 1467; baseline -0.004 -19"><span class='ocrx_word' id='word_1_81' title='bbox 321 1389 427 1466; x_wconf 88' lang='lat' dir='ltr'>tamen</span> <span class='ocrx_word' id='word_1_82' title='bbox 448 1383 486 1448; x_wconf 94' lang='lat' dir='ltr'>de</span> <span class='ocrx_word' id='word_1_83' title='bbox 508 1403 564 1448; x_wconf 91' lang='lat' dir='ltr'>sua</span> <span class='ocrx_word' id='word_1_84' title='bbox 589 1384 685 1467; x_wconf 91' lang='lat' dir='ltr'>ipsius</span> <span class='ocrx_word' id='word_1_85' title='bbox 708 1385 808 1467; x_wconf 88' lang='lat' dir='ltr'>aperit</span> <span class='ocrx_word' id='word_1_86' title='bbox 830 1385 993 1463; x_wconf 89' lang='lat' dir='ltr'>sententia,</span> <span class='ocrx_word' id='word_1_87' title='bbox 1022 1403 1092 1449; x_wconf 89' lang='lat' dir='ltr'>cum</span> <span class='ocrx_word' id='word_1_88' title='bbox 1116 1385 1177 1447; x_wconf 92' lang='lat' dir='ltr'>hoc</span> <span class='ocrx_word' id='word_1_89' title='bbox 1203 1382 1312 1446; x_wconf 86' lang='lat' dir='ltr'>scribit</span> <span class='ocrx_word' id='word_1_90' title='bbox 1339 1383 1419 1446; x_wconf 90' lang='lat' dir='ltr'>mise·</span> 
     </span>
     <span class='ocr_line' id='line_1_12' title="bbox 322 1483 1418 1568; baseline -0.003 -18"><span class='ocrx_word' id='word_1_91' title='bbox 322 1506 429 1551; x_wconf 92' lang='lat' dir='ltr'>rorum</span> <span class='ocrx_word' id='word_1_92' title='bbox 449 1487 606 1551; x_wconf 87' lang='lat' dir='ltr'>fortunam</span> <span class='ocrx_word' id='word_1_93' title='bbox 627 1505 690 1551; x_wconf 94' lang='lat' dir='ltr'>non</span> <span class='ocrx_word' id='word_1_94' title='bbox 715 1488 861 1551; x_wconf 90' lang='lat' dir='ltr'>insectari</span> <span class='ocrx_word' id='word_1_95' title='bbox 888 1504 944 1550; x_wconf 90' lang='lat' dir='ltr'>suo</span> <span class='ocrx_word' id='word_1_96' title='bbox 973 1485 1096 1568; x_wconf 90' lang='lat' dir='ltr'>quidem</span> <span class='ocrx_word' id='word_1_97' title='bbox 1122 1485 1236 1550; x_wconf 91' lang='lat' dir='ltr'>iudicio</span> <span class='ocrx_word' id='word_1_98' title='bbox 1263 1483 1418 1548; x_wconf 90' lang='lat' dir='ltr'>honestum</span> 
     </span>
     <span class='ocr_line' id='line_1_13' title="bbox 324 1573 1419 1671; baseline -0.006 -18"><span class='ocrx_word' id='word_1_99' title='bbox 324 1606 391 1654; x_wconf 89' lang='lat' dir='ltr'>esse</span> <span class='ocrx_word' id='word_1_100' title='bbox 413 1591 445 1652; x_wconf 91' lang='lat' dir='ltr'>et</span> <span class='ocrx_word' id='word_1_101' title='bbox 466 1589 549 1670; x_wconf 91' lang='lat' dir='ltr'>quod</span> <span class='ocrx_word' id='word_1_102' title='bbox 572 1589 742 1666; x_wconf 86' lang='lat' dir='ltr'>concedere</span> <span class='ocrx_word' id='word_1_103' title='bbox 764 1588 864 1671; x_wconf 88' lang='lat' dir='ltr'>possit</span> <span class='ocrx_word' id='word_1_104' title='bbox 884 1605 933 1652; x_wconf 88' lang='grc'>113</span> <span class='ocrx_word' id='word_1_105' title='bbox 955 1586 1090 1668; x_wconf 91' lang='lat' dir='ltr'>publica.</span> <span class='ocrx_word' id='word_1_106' title='bbox 1124 1586 1157 1651; x_wconf 88' lang='lat' dir='ltr'>Si</span> <span class='ocrx_word' id='word_1_107' title='bbox 1179 1573 1249 1648; x_wconf 85' lang='lat' dir='ltr'>cum</span> <span class='ocrx_word' id='word_1_108' title='bbox 1270 1584 1319 1648; x_wconf 93' lang='lat' dir='ltr'>his</span> <span class='ocrx_word' id='word_1_109' title='bbox 1340 1583 1419 1648; x_wconf 90' lang='lat' dir='ltr'>Bruti</span> 
     </span>
     <span class='ocr_line' id='line_1_14' title="bbox 323 1683 1417 1770; baseline -0.002 -17"><span class='ocrx_word' id='word_1_110' title='bbox 323 1690 426 1753; x_wconf 86' lang='lat' dir='ltr'>verbis</span> <span class='ocrx_word' id='word_1_111' title='bbox 448 1689 594 1770; x_wconf 89' lang='lat' dir='ltr'>epistolas</span> <span class='ocrx_word' id='word_1_112' title='bbox 617 1687 772 1754; x_wconf 86' lang='lat' dir='ltr'>Ciceronis</span> <span class='ocrx_word' id='word_1_113' title='bbox 795 1695 826 1753; x_wconf 91' lang='lat' dir='ltr'>et</span> <span class='ocrx_word' id='word_1_114' title='bbox 847 1689 927 1752; x_wconf 91' lang='lat' dir='ltr'>hanc</span> <span class='ocrx_word' id='word_1_115' title='bbox 955 1689 993 1752; x_wconf 91' lang='lat' dir='ltr'>de</span> <span class='ocrx_word' id='word_1_116' title='bbox 1015 1707 1076 1770; x_wconf 85' lang='lat' dir='ltr'>qne</span> <span class='ocrx_word' id='word_1_117' title='bbox 1098 1689 1217 1768; x_wconf 83' lang='lat' dir='ltr'>agimus</span> <span class='ocrx_word' id='word_1_118' title='bbox 1239 1690 1271 1750; x_wconf 91' lang='lat' dir='ltr'>et</span> <span class='ocrx_word' id='word_1_119' title='bbox 1291 1687 1374 1751; x_wconf 91' lang='lat' dir='ltr'>illam</span> <span class='ocrx_word' id='word_1_120' title='bbox 1393 1683 1417 1768; x_wconf 89' lang='lat' dir='ltr'>(l</span> 
     </span>
     <span class='ocr_line' id='line_1_15' title="bbox 324 1786 1417 1872; baseline -0.005 -17"><span class='ocrx_word' id='word_1_121' title='bbox 324 1791 356 1870; x_wconf 89' lang='grc'>3)</span> <span class='ocrx_word' id='word_1_122' title='bbox 380 1793 472 1872; x_wconf 87' lang='lat' dir='ltr'>paulo</span> <span class='ocrx_word' id='word_1_123' title='bbox 494 1795 565 1872; x_wconf 91' lang='lat' dir='ltr'>post</span> <span class='ocrx_word' id='word_1_124' title='bbox 587 1791 693 1854; x_wconf 90' lang='lat' dir='ltr'>datam</span> <span class='ocrx_word' id='word_1_125' title='bbox 716 1792 946 1868; x_wconf 87' lang='lat' dir='ltr'>contulerimus,</span> <span class='ocrx_word' id='word_1_126' title='bbox 971 1809 1009 1854; x_wconf 84' lang='lat' dir='ltr'>err</span> <span class='ocrx_word' id='word_1_127' title='bbox 1031 1791 1142 1870; x_wconf 91' lang='lat' dir='ltr'>quibus</span> <span class='ocrx_word' id='word_1_128' title='bbox 1157 1786 1344 1872; x_wconf 79' lang='lat' dir='ltr'>perspicitur</span> <span class='ocrx_word' id='word_1_129' title='bbox 1358 1806 1417 1852; x_wconf 89' lang='grc'>111</span> 
     </span>
     <span class='ocr_line' id='line_1_16' title="bbox 324 1888 1417 1957; baseline -0.005 -1"><span class='ocrx_word' id='word_1_130' title='bbox 324 1898 466 1956; x_wconf 89' lang='lat' dir='ltr'>senatum</span> <span class='ocrx_word' id='word_1_131' title='bbox 492 1898 557 1956; x_wconf 92' lang='lat' dir='ltr'>tum</span> <span class='ocrx_word' id='word_1_132' title='bbox 587 1890 766 1957; x_wconf 86' lang='lat' dir='ltr'>Ciceronem</span> <span class='ocrx_word' id='word_1_133' title='bbox 798 1894 892 1957; x_wconf 91' lang='lat' dir='ltr'>etiam</span> <span class='ocrx_word' id='word_1_134' title='bbox 919 1891 1026 1956; x_wconf 87' lang='lat' dir='ltr'>Marco</span> <span class='ocrx_word' id='word_1_135' title='bbox 1053 1891 1150 1956; x_wconf 86' lang='lat' dir='ltr'>fratre</span> <span class='ocrx_word' id='word_1_136' title='bbox 1176 1891 1266 1954; x_wconf 88' lang='lat' dir='ltr'>hoste</span> <span class='ocrx_word' id='word_1_137' title='bbox 1294 1888 1417 1954; x_wconf 90' lang='lat' dir='ltr'>iudicato</span> 
     </span>
     <span class='ocr_line' id='line_1_17' title="bbox 323 1991 1417 2076; baseline -0.005 -19"><span class='ocrx_word' id='word_1_138' title='bbox 323 1995 459 2059; x_wconf 92' lang='lat' dir='ltr'>noluisse</span> <span class='ocrx_word' id='word_1_139' title='bbox 481 1994 588 2058; x_wconf 90' lang='lat' dir='ltr'>durius</span> <span class='ocrx_word' id='word_1_140' title='bbox 610 1994 773 2076; x_wconf 90' lang='lat' dir='ltr'>quicquam</span> <span class='ocrx_word' id='word_1_141' title='bbox 798 1995 835 2057; x_wconf 94' lang='lat' dir='ltr'>de</span> <span class='ocrx_word' id='word_1_142' title='bbox 859 1992 892 2056; x_wconf 84' lang='lat' dir='ltr'>C.</span> <span class='ocrx_word' id='word_1_143' title='bbox 915 1993 1050 2057; x_wconf 83' lang='lat' dir='ltr'>Antonio</span> <span class='ocrx_word' id='word_1_144' title='bbox 1079 1993 1138 2056; x_wconf 91' lang='lat' dir='ltr'>nisi</span> <span class='ocrx_word' id='word_1_145' title='bbox 1159 1993 1226 2074; x_wconf 90' lang='lat' dir='ltr'>ipso</span> <span class='ocrx_word' id='word_1_146' title='bbox 1255 1991 1351 2054; x_wconf 90' lang='lat' dir='ltr'>Bruto</span> <span class='ocrx_word' id='word_1_147' title='bbox 1372 2007 1417 2052; x_wconf 90' lang='grc'>11-</span> 
     </span>
     <span class='ocr_line' id='line_1_18' title="bbox 325 2091 1418 2179; baseline -0.005 -20"><span class='ocrx_word' id='word_1_148' title='bbox 325 2101 410 2160; x_wconf 90' lang='grc'><strong>11011</strong></span> <span class='ocrx_word' id='word_1_149' title='bbox 437 2096 610 2175; x_wconf 86' lang='lat' dir='ltr'>decernere,</span> <span class='ocrx_word' id='word_1_150' title='bbox 640 2115 700 2178; x_wconf 92' lang='lat' dir='ltr'>quo</span> <span class='ocrx_word' id='word_1_151' title='bbox 728 2096 937 2179; x_wconf 84' lang='lat' dir='ltr'>spectaverint</span> <span class='ocrx_word' id='word_1_152' title='bbox 966 2095 1058 2159; x_wconf 90' lang='lat' dir='ltr'>Bruti</span> <span class='ocrx_word' id='word_1_153' title='bbox 1090 2095 1214 2158; x_wconf 90' lang='lat' dir='ltr'>litterae</span> <span class='ocrx_word' id='word_1_154' title='bbox 1241 2092 1288 2156; x_wconf 92' lang='lat' dir='ltr'>Id.</span> <span class='ocrx_word' id='word_1_155' title='bbox 1332 2091 1418 2174; x_wconf 76' lang='lat' dir='ltr'>April.</span> 
     </span>
     <span class='ocr_line' id='line_1_19' title="bbox 323 2183 1420 2276; baseline -0.004 -16"><span class='ocrx_word' id='word_1_156' title='bbox 323 2199 356 2260; x_wconf 95' lang='lat' dir='ltr'>in</span> <span class='ocrx_word' id='word_1_157' title='bbox 377 2204 487 2262; x_wconf 89' lang='lat' dir='ltr'>senatu</span> <span class='ocrx_word' id='word_1_158' title='bbox 507 2198 666 2276; x_wconf 83' lang='lat' dir='ltr'>recitatae,</span> <span class='ocrx_word' id='word_1_159' title='bbox 691 2198 819 2262; x_wconf 90' lang='lat' dir='ltr'>dubium</span> <span class='ocrx_word' id='word_1_160' title='bbox 841 2216 903 2262; x_wconf 93' lang='lat' dir='ltr'>non</span> <span class='ocrx_word' id='word_1_161' title='bbox 926 2197 994 2261; x_wconf 86' lang='lat' dir='ltr'>crit.</span> <span class='ocrx_word' id='word_1_162' title='bbox 1037 2197 1085 2261; x_wconf 90' lang='lat' dir='ltr'>Ne</span> <span class='ocrx_word' id='word_1_163' title='bbox 1107 2195 1219 2260; x_wconf 91' lang='lat' dir='ltr'>multa:</span> <span class='ocrx_word' id='word_1_164' title='bbox 1244 2183 1277 2258; x_wconf 82' lang='lat' dir='ltr'>C.</span> <span class='ocrx_word' id='word_1_165' title='bbox 1303 2191 1420 2258; x_wconf 87' lang='lat' dir='ltr'>Antonii</span> 
     </span>
     <span class='ocr_line' id='line_1_20' title="bbox 324 2293 1422 2364; baseline -0.006 -1"><span class='ocrx_word' id='word_1_166' title='bbox 324 2318 449 2364; x_wconf 83' lang='lat' dir='ltr'>oausam</span> <span class='ocrx_word' id='word_1_167' title='bbox 476 2318 562 2363; x_wconf 93' lang='grc'><strong>1011</strong></span> <span class='ocrx_word' id='word_1_168' title='bbox 587 2299 738 2364; x_wconf 89' lang='lat' dir='ltr'>maiorum</span> <span class='ocrx_word' id='word_1_169' title='bbox 773 2299 812 2362; x_wconf 92' lang='lat' dir='ltr'>ad</span> <span class='ocrx_word' id='word_1_170' title='bbox 844 2305 985 2362; x_wconf 90' lang='lat' dir='ltr'>senatum</span> <span class='ocrx_word' id='word_1_171' title='bbox 1005 2298 1130 2362; x_wconf 57' lang='lat' dir='ltr'>,detulit</span> <span class='ocrx_word' id='word_1_172' title='bbox 1163 2302 1195 2360; x_wconf 94' lang='lat' dir='ltr'>et</span> <span class='ocrx_word' id='word_1_173' title='bbox 1224 2295 1298 2359; x_wconf 91' lang='lat' dir='ltr'>huic</span> <span class='ocrx_word' id='word_1_174' title='bbox 1331 2293 1422 2359; x_wconf 92' lang='lat' dir='ltr'>ordini</span> 
     </span>
     <span class='ocr_line' id='line_1_21' title="bbox 325 2402 561 2466; baseline -0.013 0"><span class='ocrx_word' id='word_1_175' title='bbox 325 2402 561 2466; x_wconf 89' lang='lat' dir='ltr'>commendavit.</span> 
     </span>
    </p>

    <p class='ocr_par' dir='ltr' id='par_1_4' title="bbox 323 2498 1426 4215">
     <span class='ocr_line' id='line_1_22' title="bbox 425 2498 1421 2580; baseline -0.005 -14"><span class='ocrx_word' id='word_1_176' title='bbox 425 2505 472 2566; x_wconf 90' lang='lat' dir='ltr'>De</span> <span class='ocrx_word' id='word_1_177' title='bbox 504 2502 552 2564; x_wconf 93' lang='lat' dir='ltr'>his</span> <span class='ocrx_word' id='word_1_178' title='bbox 578 2502 672 2580; x_wconf 83' lang='lat' dir='ltr'>igitur</span> <span class='ocrx_word' id='word_1_179' title='bbox 699 2501 811 2564; x_wconf 91' lang='lat' dir='ltr'>litteris</span> <span class='ocrx_word' id='word_1_180' title='bbox 840 2499 947 2564; x_wconf 85' lang='lat' dir='ltr'>Cicero</span> <span class='ocrx_word' id='word_1_181' title='bbox 974 2499 1034 2562; x_wconf 92' lang='lat' dir='ltr'>hoc</span> <span class='ocrx_word' id='word_1_182' title='bbox 1061 2498 1100 2561; x_wconf 91' lang='lat' dir='ltr'>de</span> <span class='ocrx_word' id='word_1_183' title='bbox 1127 2518 1187 2580; x_wconf 88' lang='lat' dir='ltr'>quo</span> <span class='ocrx_word' id='word_1_184' title='bbox 1216 2499 1336 2579; x_wconf 84' lang='lat' dir='ltr'>agimus</span> <span class='ocrx_word' id='word_1_185' title='bbox 1361 2499 1421 2562; x_wconf 91' lang='lat' dir='ltr'>loco</span> 
     </span>
     <span class='ocr_line' id='line_1_23' title="bbox 326 2602 1422 2688; baseline -0.005 -20"><span class='ocrx_word' id='word_1_186' title='bbox 326 2607 441 2688; x_wconf 88' lang='lat' dir='ltr'>,tuae“,</span> <span class='ocrx_word' id='word_1_187' title='bbox 463 2604 572 2686; x_wconf 91' lang='lat' dir='ltr'>inquit,</span> <span class='ocrx_word' id='word_1_188' title='bbox 596 2604 792 2685; x_wconf 90' lang='lat' dir='ltr'>,recitantnr,</span> <span class='ocrx_word' id='word_1_189' title='bbox 815 2602 925 2668; x_wconf 84' lang='lat' dir='ltr'>breves</span> <span class='ocrx_word' id='word_1_190' title='bbox 946 2603 1018 2667; x_wconf 92' lang='lat' dir='ltr'>illae</span> <span class='ocrx_word' id='word_1_191' title='bbox 1046 2604 1170 2685; x_wconf 90' lang='lat' dir='ltr'>quidem</span> <span class='ocrx_word' id='word_1_192' title='bbox 1193 2603 1248 2667; x_wconf 91' lang='lat' dir='ltr'>sed</span> <span class='ocrx_word' id='word_1_193' title='bbox 1274 2603 1308 2684; x_wconf 83' lang='lat' dir='ltr'>in</span> <span class='ocrx_word' id='word_1_194' title='bbox 1335 2603 1422 2666; x_wconf 82' lang='lat' dir='ltr'>Anto-</span> 
     </span>
     <span class='ocr_line' id='line_1_24' title="bbox 324 2705 1424 2793; baseline -0.003 -23"><span class='ocrx_word' id='word_1_195' title='bbox 324 2707 410 2772; x_wconf 93' lang='lat' dir='ltr'>nium</span> <span class='ocrx_word' id='word_1_196' title='bbox 431 2705 598 2769; x_wconf 91' lang='lat' dir='ltr'>admodum</span> <span class='ocrx_word' id='word_1_197' title='bbox 622 2706 731 2770; x_wconf 88' lang='lat' dir='ltr'>lenes“.</span> <span class='ocrx_word' id='word_1_198' title='bbox 766 2706 857 2784; x_wconf 80' lang='lat' dir='ltr'>Quod</span> <span class='ocrx_word' id='word_1_199' title='bbox 879 2724 948 2771; x_wconf 93' lang='lat' dir='ltr'>eum</span> <span class='ocrx_word' id='word_1_200' title='bbox 967 2706 1147 2770; x_wconf 87' lang='lat' dir='ltr'>clementius</span> <span class='ocrx_word' id='word_1_201' title='bbox 1163 2705 1324 2785; x_wconf 88' lang='lat' dir='ltr'>scripsisse</span> <span class='ocrx_word' id='word_1_202' title='bbox 1339 2721 1424 2793; x_wconf 88' lang='lat' dir='ltr'>quam</span> 
     </span>
     <span class='ocr_line' id='line_1_25' title="bbox 324 2806 1423 2892; baseline -0.003 -20"><span class='ocrx_word' id='word_1_203' title='bbox 324 2811 391 2892; x_wconf 91' lang='lat' dir='ltr'>ipse</span> <span class='ocrx_word' id='word_1_204' title='bbox 412 2810 541 2873; x_wconf 91' lang='lat' dir='ltr'>sentiret</span> <span class='ocrx_word' id='word_1_205' title='bbox 562 2829 599 2874; x_wconf 89' lang='lat' dir='ltr'>ex</span> <span class='ocrx_word' id='word_1_206' title='bbox 621 2815 689 2874; x_wconf 90' lang='lat' dir='ltr'>tota</span> <span class='ocrx_word' id='word_1_207' title='bbox 711 2809 843 2891; x_wconf 90' lang='lat' dir='ltr'>epistola</span> <span class='ocrx_word' id='word_1_208' title='bbox 869 2815 1007 2890; x_wconf 89' lang='lat' dir='ltr'>apparet,</span> <span class='ocrx_word' id='word_1_209' title='bbox 1031 2809 1116 2872; x_wconf 89' lang='grc'><strong>11111</strong></span> <span class='ocrx_word' id='word_1_210' title='bbox 1140 2826 1177 2870; x_wconf 85' lang='lat' dir='ltr'>ex</span> <span class='ocrx_word' id='word_1_211' title='bbox 1195 2807 1246 2871; x_wconf 69' lang='lat' dir='ltr'>&#39;his</span> <span class='ocrx_word' id='word_1_212' title='bbox 1267 2826 1347 2887; x_wconf 91' lang='lat' dir='ltr'>quae</span> <span class='ocrx_word' id='word_1_213' title='bbox 1374 2806 1423 2870; x_wconf 88' lang='lat' dir='ltr'>illa</span> 
     </span>
     <span class='ocr_line' id='line_1_26' title="bbox 325 2910 1423 2994; baseline -0.005 -19"><span class='ocrx_word' id='word_1_214' title='bbox 325 2911 494 2994; x_wconf 83' lang='lat' dir='ltr'>excipiunt:</span> <span class='ocrx_word' id='word_1_215' title='bbox 522 2912 735 2994; x_wconf 83' lang='lat' dir='ltr'>,vehementer</span> <span class='ocrx_word' id='word_1_216' title='bbox 763 2911 934 2974; x_wconf 83' lang='lat' dir='ltr'>admiratus</span> <span class='ocrx_word' id='word_1_217' title='bbox 961 2915 1101 2989; x_wconf 89' lang='lat' dir='ltr'>senatus;</span> <span class='ocrx_word' id='word_1_218' title='bbox 1136 2910 1211 2973; x_wconf 92' lang='lat' dir='ltr'>mibi</span> <span class='ocrx_word' id='word_1_219' title='bbox 1238 2913 1423 2974; x_wconf 90' lang='lat' dir='ltr'>autemnon</span> 
     </span>
     <span class='ocr_line' id='line_1_27' title="bbox 325 3011 1424 3095; baseline -0.005 -17"><span class='ocrx_word' id='word_1_220' title='bbox 325 3018 393 3078; x_wconf 88' lang='grc'><strong>1111</strong></span> <span class='ocrx_word' id='word_1_221' title='bbox 414 3014 600 3094; x_wconf 87' lang='lat' dir='ltr'>explicatum</span> <span class='ocrx_word' id='word_1_222' title='bbox 622 3014 696 3095; x_wconf 90' lang='lat' dir='ltr'>quid</span> <span class='ocrx_word' id='word_1_223' title='bbox 718 3031 857 3094; x_wconf 85' lang='lat' dir='ltr'>agerem:</span> <span class='ocrx_word' id='word_1_224' title='bbox 878 3011 973 3076; x_wconf 90' lang='lat' dir='ltr'>falsas</span> <span class='ocrx_word' id='word_1_225' title='bbox 996 3012 1151 3076; x_wconf 84' lang='lat' dir='ltr'>dicerem?</span> <span class='ocrx_word' id='word_1_226' title='bbox 1179 3011 1253 3094; x_wconf 90' lang='lat' dir='ltr'>quid</span> <span class='ocrx_word' id='word_1_227' title='bbox 1275 3013 1301 3074; x_wconf 89' lang='lat' dir='ltr'>si</span> <span class='ocrx_word' id='word_1_228' title='bbox 1322 3017 1357 3075; x_wconf 92' lang='lat' dir='ltr'>tu</span> <span class='ocrx_word' id='word_1_229' title='bbox 1377 3026 1424 3073; x_wconf 90' lang='lat' dir='ltr'>eas</span> 
     </span>
     <span class='ocr_line' id='line_1_28' title="bbox 326 3113 1426 3196; baseline -0.005 -18"><span class='ocrx_word' id='word_1_230' title='bbox 326 3113 550 3196; x_wconf 77' lang='lat' dir='ltr'>approbasses?</span> <span class='ocrx_word' id='word_1_231' title='bbox 574 3113 809 3179; x_wconf 83' lang='lat' dir='ltr'>confirmarem?</span> <span class='ocrx_word' id='word_1_232' title='bbox 838 3132 900 3176; x_wconf 94' lang='lat' dir='ltr'>non</span> <span class='ocrx_word' id='word_1_233' title='bbox 923 3119 992 3194; x_wconf 89' lang='lat' dir='ltr'>erat</span> <span class='ocrx_word' id='word_1_234' title='bbox 1012 3113 1173 3194; x_wconf 82' lang='lat' dir='ltr'>dignitatis</span> <span class='ocrx_word' id='word_1_235' title='bbox 1195 3118 1278 3178; x_wconf 88' lang='lat' dir='ltr'>tuae.</span> <span class='ocrx_word' id='word_1_236' title='bbox 1321 3113 1426 3192; x_wconf 89' lang='lat' dir='ltr'>ltaque</span> 
     </span>
     <span class='ocr_line' id='line_1_29' title="bbox 324 3215 1424 3297; baseline -0.004 -17"><span class='ocrx_word' id='word_1_237' title='bbox 324 3215 377 3282; x_wconf 90' lang='lat' dir='ltr'>ille</span> <span class='ocrx_word' id='word_1_238' title='bbox 400 3217 466 3282; x_wconf 87' lang='lat' dir='ltr'>dies</span> <span class='ocrx_word' id='word_1_239' title='bbox 488 3217 636 3282; x_wconf 82' lang='lat' dir='ltr'>silentio“.</span> <span class='ocrx_word' id='word_1_240' title='bbox 669 3217 810 3280; x_wconf 83' lang='lat' dir='ltr'>Eandem</span> <span class='ocrx_word' id='word_1_241' title='bbox 833 3233 959 3296; x_wconf 90' lang='lat' dir='ltr'>prorsus</span> <span class='ocrx_word' id='word_1_242' title='bbox 981 3217 1014 3278; x_wconf 91' lang='lat' dir='ltr'>in</span> <span class='ocrx_word' id='word_1_243' title='bbox 1036 3217 1223 3280; x_wconf 88' lang='lat' dir='ltr'>sententiam</span> <span class='ocrx_word' id='word_1_244' title='bbox 1244 3217 1337 3297; x_wconf 90' lang='lat' dir='ltr'>paulo</span> <span class='ocrx_word' id='word_1_245' title='bbox 1358 3217 1424 3295; x_wconf 90' lang='lat' dir='ltr'>post</span> 
     </span>
     <span class='ocr_line' id='line_1_30' title="bbox 325 3316 1426 3402; baseline -0.004 -20"><span class='ocrx_word' id='word_1_246' title='bbox 325 3319 401 3382; x_wconf 89' lang='lat' dir='ltr'>baec</span> <span class='ocrx_word' id='word_1_247' title='bbox 423 3319 523 3383; x_wconf 89' lang='lat' dir='ltr'>addit:</span> <span class='ocrx_word' id='word_1_248' title='bbox 547 3318 668 3402; x_wconf 87' lang='lat' dir='ltr'>,Labeo</span> <span class='ocrx_word' id='word_1_249' title='bbox 690 3335 763 3382; x_wconf 87' lang='lat' dir='ltr'>vero</span> <span class='ocrx_word' id='word_1_250' title='bbox 786 3321 892 3380; x_wconf 90' lang='lat' dir='ltr'>noster</span> <span class='ocrx_word' id='word_1_251' title='bbox 914 3335 970 3380; x_wconf 90' lang='lat' dir='ltr'>nec</span> <span class='ocrx_word' id='word_1_252' title='bbox 993 3318 1114 3398; x_wconf 83' lang='lat' dir='ltr'>signum</span> <span class='ocrx_word' id='word_1_253' title='bbox 1131 3323 1219 3382; x_wconf 90' lang='lat' dir='ltr'>tuum</span> <span class='ocrx_word' id='word_1_254' title='bbox 1234 3317 1267 3380; x_wconf 91' lang='grc'>11</span> <span class='ocrx_word' id='word_1_255' title='bbox 1289 3316 1426 3398; x_wconf 86' lang='lat' dir='ltr'>epistola,</span> 
     </span>
     <span class='ocr_line' id='line_1_31' title="bbox 324 3417 1424 3502; baseline -0.006 -17"><span class='ocrx_word' id='word_1_256' title='bbox 324 3437 382 3485; x_wconf 92' lang='lat' dir='ltr'>nec</span> <span class='ocrx_word' id='word_1_257' title='bbox 404 3419 486 3484; x_wconf 91' lang='lat' dir='ltr'>diem</span> <span class='ocrx_word' id='word_1_258' title='bbox 507 3421 692 3502; x_wconf 89' lang='lat' dir='ltr'>appositum,</span> <span class='ocrx_word' id='word_1_259' title='bbox 715 3437 772 3482; x_wconf 94' lang='lat' dir='ltr'>nec</span> <span class='ocrx_word' id='word_1_260' title='bbox 794 3424 825 3482; x_wconf 91' lang='lat' dir='ltr'>te</span> <span class='ocrx_word' id='word_1_261' title='bbox 842 3419 1001 3502; x_wconf 88' lang='lat' dir='ltr'>scripsisse</span> <span class='ocrx_word' id='word_1_262' title='bbox 1018 3421 1057 3483; x_wconf 89' lang='lat' dir='ltr'>ad</span> <span class='ocrx_word' id='word_1_263' title='bbox 1074 3425 1154 3499; x_wconf 91' lang='lat' dir='ltr'>tuos,</span> <span class='ocrx_word' id='word_1_264' title='bbox 1171 3426 1207 3483; x_wconf 93' lang='lat' dir='ltr'>ut</span> <span class='ocrx_word' id='word_1_265' title='bbox 1223 3417 1352 3484; x_wconf 81' lang='lat' dir='ltr'>soleres&#39;:</span> <span class='ocrx_word' id='word_1_266' title='bbox 1368 3419 1424 3480; x_wconf 88' lang='lat' dir='ltr'>boc</span> 
     </span>
     <span class='ocr_line' id='line_1_32' title="bbox 326 3517 1425 3602; baseline -0.007 -15"><span class='ocrx_word' id='word_1_267' title='bbox 326 3539 436 3602; x_wconf 81' lang='lat' dir='ltr'>cogere</span> <span class='ocrx_word' id='word_1_268' title='bbox 456 3522 581 3586; x_wconf 83' lang='lat' dir='ltr'>volebat</span> <span class='ocrx_word' id='word_1_269' title='bbox 601 3520 695 3584; x_wconf 90' lang='lat' dir='ltr'>falsas</span> <span class='ocrx_word' id='word_1_270' title='bbox 721 3520 842 3584; x_wconf 82' lang='lat' dir='ltr'>litteras</span> <span class='ocrx_word' id='word_1_271' title='bbox 870 3539 938 3585; x_wconf 89' lang='lat' dir='ltr'>csse</span> <span class='ocrx_word' id='word_1_272' title='bbox 967 3526 1007 3600; x_wconf 93' lang='lat' dir='ltr'>et,</span> <span class='ocrx_word' id='word_1_273' title='bbox 1037 3523 1062 3585; x_wconf 91' lang='lat' dir='ltr'>si</span> <span class='ocrx_word' id='word_1_274' title='bbox 1090 3523 1222 3601; x_wconf 88' lang='lat' dir='ltr'>quaeris,</span> <span class='ocrx_word' id='word_1_275' title='bbox 1248 3517 1425 3602; x_wconf 87' lang='lat' dir='ltr'>probabat“.</span> 
     </span>
     <span class='ocr_line' id='line_1_33' title="bbox 325 3606 1424 3706; baseline -0.005 -20"><span class='ocrx_word' id='word_1_276' title='bbox 325 3624 435 3704; x_wconf 85' lang='lat' dir='ltr'>ltaque</span> <span class='ocrx_word' id='word_1_277' title='bbox 458 3628 489 3686; x_wconf 91' lang='lat' dir='ltr'>et</span> <span class='ocrx_word' id='word_1_278' title='bbox 511 3621 617 3687; x_wconf 81' lang='lat' dir='ltr'>Cicero</span> <span class='ocrx_word' id='word_1_279' title='bbox 641 3627 672 3685; x_wconf 90' lang='lat' dir='ltr'>et</span> <span class='ocrx_word' id='word_1_280' title='bbox 696 3624 799 3702; x_wconf 86' lang='lat' dir='ltr'>ceteri,</span> <span class='ocrx_word' id='word_1_281' title='bbox 823 3624 876 3704; x_wconf 90' lang='lat' dir='ltr'>qui</span> <span class='ocrx_word' id='word_1_282' title='bbox 903 3623 1033 3688; x_wconf 88' lang='lat' dir='ltr'>eandem</span> <span class='ocrx_word' id='word_1_283' title='bbox 1061 3606 1154 3706; x_wconf 80' lang='lat' dir='ltr'>atque</span> <span class='ocrx_word' id='word_1_284' title='bbox 1180 3624 1232 3686; x_wconf 91' lang='lat' dir='ltr'>ille</span> <span class='ocrx_word' id='word_1_285' title='bbox 1259 3623 1298 3690; x_wconf 89' lang='lat' dir='ltr'>de</span> <span class='ocrx_word' id='word_1_286' title='bbox 1319 3627 1352 3685; x_wconf 81' lang='lat' dir='ltr'>re&#39;</span> <span class='ocrx_word' id='word_1_287' title='bbox 1372 3638 1424 3701; x_wconf 90' lang='lat' dir='ltr'>pn·</span> 
     </span>
     <span class='ocr_line' id='line_1_34' title="bbox 325 3723 1425 3807; baseline -0.005 -19"><span class='ocrx_word' id='word_1_288' title='bbox 325 3723 406 3790; x_wconf 88' lang='lat' dir='ltr'>blica</span> <span class='ocrx_word' id='word_1_289' title='bbox 437 3723 590 3788; x_wconf 89' lang='lat' dir='ltr'>rationem</span> <span class='ocrx_word' id='word_1_290' title='bbox 621 3725 720 3789; x_wconf 89' lang='lat' dir='ltr'>secuti</span> <span class='ocrx_word' id='word_1_291' title='bbox 758 3732 855 3807; x_wconf 89' lang='lat' dir='ltr'>erant,</span> <span class='ocrx_word' id='word_1_292' title='bbox 889 3724 1003 3790; x_wconf 89' lang='lat' dir='ltr'>litteris</span> <span class='ocrx_word' id='word_1_293' title='bbox 1039 3725 1130 3788; x_wconf 89' lang='lat' dir='ltr'>Bruti</span> <span class='ocrx_word' id='word_1_294' title='bbox 1161 3729 1324 3805; x_wconf 89' lang='lat' dir='ltr'>tantopere</span> <span class='ocrx_word' id='word_1_295' title='bbox 1356 3739 1425 3786; x_wconf 92' lang='grc'><strong>101-</strong></span> 
     </span>
     <span class='ocr_line' id='line_1_35' title="bbox 325 3825 1425 3910; baseline -0.005 -21"><span class='ocrx_word' id='word_1_296' title='bbox 325 3825 443 3890; x_wconf 90' lang='lat' dir='ltr'>turbati</span> <span class='ocrx_word' id='word_1_297' title='bbox 464 3831 544 3904; x_wconf 91' lang='lat' dir='ltr'>sunt,</span> <span class='ocrx_word' id='word_1_298' title='bbox 567 3831 602 3889; x_wconf 93' lang='lat' dir='ltr'>ut</span> <span class='ocrx_word' id='word_1_299' title='bbox 624 3827 697 3908; x_wconf 89' lang='lat' dir='ltr'>quid</span> <span class='ocrx_word' id='word_1_300' title='bbox 719 3827 757 3891; x_wconf 88' lang='lat' dir='ltr'>de</span> <span class='ocrx_word' id='word_1_301' title='bbox 779 3829 817 3892; x_wconf 92' lang='lat' dir='ltr'>iis</span> <span class='ocrx_word' id='word_1_302' title='bbox 840 3827 961 3892; x_wconf 89' lang='lat' dir='ltr'>consilii</span> <span class='ocrx_word' id='word_1_303' title='bbox 983 3834 1128 3910; x_wconf 91' lang='lat' dir='ltr'>caperent</span> <span class='ocrx_word' id='word_1_304' title='bbox 1155 3827 1247 3908; x_wconf 87' lang='lat' dir='ltr'>plane</span> <span class='ocrx_word' id='word_1_305' title='bbox 1274 3825 1425 3890; x_wconf 91' lang='lat' dir='ltr'>nescirent</span> 
     </span>
     <span class='ocr_line' id='line_1_36' title="bbox 326 3923 1425 4011; baseline -0.005 -19"><span class='ocrx_word' id='word_1_306' title='bbox 326 3931 357 3992; x_wconf 92' lang='lat' dir='ltr'>et</span> <span class='ocrx_word' id='word_1_307' title='bbox 389 3945 516 4011; x_wconf 90' lang='lat' dir='ltr'>prorsus</span> <span class='ocrx_word' id='word_1_308' title='bbox 547 3927 641 3992; x_wconf 88' lang='lat' dir='ltr'>falsas</span> <span class='ocrx_word' id='word_1_309' title='bbox 672 3948 739 3994; x_wconf 88' lang='lat' dir='ltr'>esse</span> <span class='ocrx_word' id='word_1_310' title='bbox 777 3930 1009 4004; x_wconf 70' lang='lat' dir='ltr'>contenderent,</span> <span class='ocrx_word' id='word_1_311' title='bbox 1063 3929 1173 4011; x_wconf 91' lang='lat' dir='ltr'>Neque</span> <span class='ocrx_word' id='word_1_312' title='bbox 1211 3923 1271 3993; x_wconf 90' lang='lat' dir='ltr'>hoc</span> <span class='ocrx_word' id='word_1_313' title='bbox 1302 3923 1425 3991; x_wconf 91' lang='lat' dir='ltr'>mirabi-</span> 
     </span>
     <span class='ocr_line' id='line_1_37' title="bbox 325 4025 1424 4112; baseline -0.005 -18"><span class='ocrx_word' id='word_1_314' title='bbox 325 4036 377 4094; x_wconf 90' lang='lat' dir='ltr'>tur</span> <span class='ocrx_word' id='word_1_315' title='bbox 402 4030 454 4110; x_wconf 91' lang='lat' dir='ltr'>qui</span> <span class='ocrx_word' id='word_1_316' title='bbox 481 4030 664 4110; x_wconf 90' lang='lat' dir='ltr'>meminerit,</span> <span class='ocrx_word' id='word_1_317' title='bbox 698 4050 758 4112; x_wconf 88' lang='lat' dir='ltr'>quo</span> <span class='ocrx_word' id='word_1_318' title='bbox 792 4034 897 4097; x_wconf 91' lang='lat' dir='ltr'>omnia</span> <span class='ocrx_word' id='word_1_319' title='bbox 933 4030 1088 4095; x_wconf 87' lang='lat' dir='ltr'>Ciceronis</span> <span class='ocrx_word' id='word_1_320' title='bbox 1122 4032 1155 4094; x_wconf 92' lang='lat' dir='ltr'>in</span> <span class='ocrx_word' id='word_1_321' title='bbox 1186 4035 1297 4095; x_wconf 89' lang='lat' dir='ltr'>senatu</span> <span class='ocrx_word' id='word_1_322' title='bbox 1329 4025 1424 4092; x_wconf 91' lang='lat' dir='ltr'>consi·</span> 
     </span>
     <span class='ocr_line' id='line_1_38' title="bbox 323 4130 1425 4215; baseline -0.005 -19"><span class='ocrx_word' id='word_1_323' title='bbox 323 4133 367 4197; x_wconf 92' lang='lat' dir='ltr'>lia</span> <span class='ocrx_word' id='word_1_324' title='bbox 399 4133 673 4213; x_wconf 87' lang='lat' dir='ltr'>contentionesque</span> <span class='ocrx_word' id='word_1_325' title='bbox 705 4135 916 4212; x_wconf 87' lang='lat' dir='ltr'>proximorum</span> <span class='ocrx_word' id='word_1_326' title='bbox 949 4137 1081 4215; x_wconf 76' lang='lat' dir='ltr'>quotuor</span> <span class='ocrx_word' id='word_1_327' title='bbox 1113 4134 1265 4196; x_wconf 92' lang='lat' dir='ltr'>mensium</span> <span class='ocrx_word' id='word_1_328' title='bbox 1297 4130 1425 4194; x_wconf 87' lang='lat' dir='ltr'>maxime</span> 
     </span>
    </p>
   </div>
   <div class='ocr_carea' id='block_1_4' title="bbox 0 0 1533 4850">
    <p class='ocr_par' dir='ltr' id='par_1_5' title="bbox 0 0 1533 4850">
     <span class='ocr_line' id='line_1_39' title="bbox 0 0 1533 4850; baseline 0 0"><span class='ocrx_word' id='word_1_329' title='bbox 0 0 1533 4850; x_wconf 95' lang='lat' dir='ltr'> </span> 
     </span>
    </p>
   </div>
  </div>
 </body>
</html>
