3082 4856
1249 287 1290 350 13

201 489 287 539 nune
319 486 400 551 quae
432 466 548 546 scribo,
582 466 687 532 scribo
719 485 763 532 ex
790 467 973 549 opinione
999 469 1192 538 hominurn
1219 475 1335 552 atque

205 573 329 640 fama“.
373 571 423 634 Ex
449 569 500 634 hIs
526 570 590 634 iam
615 571 686 634 luce
714 570 830 634 clarius
857 576 905 635 est
932 571 1127 652 Ciceronem,
1156 591 1228 638 cunr
1256 573 1335 639 baec

203 677 333 742 ineunte
354 689 465 737 mense
486 671 662 736 Februario
685 672 847 752 scriberet,
871 673 986 753 quibus
1006 675 1040 738 in
1062 675 1244 756 regionibus
1265 693 1337 740 ver-

200 782 328 844 saretnr
343 775 463 839 Brutus
479 773 606 838 novisse
628 773 766 854 quidem,
783 774 840 839 sed
861 774 900 839 de
916 776 1013 841 rebus
1029 795 1108 857 quas
1123 778 1274 858 gessisset
1288 778 1336 842 ni-

200 878 326 944 hildum
353 876 431 941 certi
456 874 622 956 habuisse5
650 875 800 940 nimirum
827 877 913 958 quod
934 878 1053 942 Brutus
1075 879 1179 944 nullas
1200 879 1230 944 ei
1250 880 1336 946 litte

201 998 256 1049 ras
277 979 419 1044 dederat.

308 1079 402 1158 Quod
424 1079 466 1143 ad
487 1096 624 1159 sequens
646 1083 772 1160 tempus
793 1080 942 1160 pertinet,
966 1081 1008 1145 ad
1023 1081 1201 1148 orationem
1215 1083 1336 1164 Philip

201 1185 308 1267 picam
334 1182 366 1246 X
392 1185 426 1244 et
452 1181 494 1245 ad
521 1198 571 1262 ep.
601 1181 643 1245 ad
668 1179 744 1244 farn.
770 1181 835 1244 XII
867 1182 898 1260 5,
931 1201 1027 1263 quam
1054 1183 1166 1249 eodem
1192 1190 1337 1266 tempore

204 1304 267 1368 quo
289 1285 346 1349 illa
365 1283 479 1348 habita
505 1287 555 1347 est
581 1283 690 1348 datam
712 1299 781 1347 esse
811 1283 1005 1348 Schmidtius
1025 1284 1174 1366 probavit
1196 1286 1231 1368 (l.
1255 1304 1281 1350 a.
1304 1305 1336 1367 p.

201 1389 246 1454 26
269 1386 363 1468 sqq),
386 1384 480 1450 nobis
503 1383 749 1465 confugiendum
776 1390 835 1449 est.
879 1386 949 1463 Quo
972 1389 1079 1450 autem
1101 1391 1244 1468 tempore
1267 1405 1337 1451 ora-

203 1492 249 1556 tio
272 1491 327 1554 illa
348 1489 379 1552 X
399 1487 513 1552 habita
534 1487 585 1566 sit,
608 1488 691 1553 inter
717 1487 862 1552 homines
889 1489 1000 1552 doctos
1027 1506 1092 1553 uon
1118 1489 1196 1553 satis
1224 1507 1337 1554 conve-

202 1593 269 1672 nit3
291 1609 366 1657 nam
390 1589 585 1657 Schmidtius
607 1590 643 1672 (l.
671 1607 698 1653 c.
725 1609 756 1670 p.
785 1591 826 1655 27
849 1588 911 1671 sq.)
935 1591 1007 1656 cire.
1035 1590 1083 1656 ld.
1105 1591 1210 1670 Febr,
1232 1592 1338 1673 Meye-

206 1711 261 1758 rus
282 1698 389 1757 autem
412 1692 447 1774 (l.
475 1710 502 1755 c.
528 1711 560 1772 p.
583 1692 626 1756 23
652 1691 714 1773 sq.)
743 1692 972 1756 Drumannum-
992 1699 1120 1759 secutus
1146 1699 1203 1758 aut
1229 1711 1338 1764 mense

206 1794 382 1860 Februario
411 1797 548 1858 exeunte
574 1797 631 1857 aut
657 1793 773 1858 Martio
800 1795 930 1858 ineunte
956 1794 1099 1860 habitam
1125 1814 1194 1862 esse
1215 1797 1338 1861 statuit.

204 1899 297 1976 Quae
323 1915 374 1961 res
402 1895 463 1961 etsi
489 1912 554 1959 non
582 1894 675 1960 nimis
703 1895 745 1959 ad
771 1900 915 1960 nostram
941 1898 1159 1977 quaestionem
1186 1898 1340 1972 momenti

206 1999 321 2066 afferre
340 1999 476 2076 videtur,
503 1996 545 2060 ari
571 1997 693 2078 Meyeri
718 2003 826 2062 tamen
852 1999 1043 2063 sententiam
1069 2000 1266 2080 probandam
1288 2017 1339 2064 me

211 2101 340 2181 quidem
369 2099 608 2182 propensiorem
640 2116 710 2162 esse
742 2116 807 2162 non
840 2097 969 2162 infitior.
1012 2099 1119 2180 Atque
1152 2100 1339 2170 Ciceronem

210 2201 387 2267 orationem
408 2201 491 2264 Phil.
512 2200 542 2264 X
564 2218 603 2264 ex
624 2200 735 2281 primis
762 2200 857 2264 Bruti
877 2201 993 2264 litteris
1013 2202 1149 2283 publicis
1170 2203 1204 2265 in
1226 2207 1340 2271 senatu

209 2304 348 2368 recitatis
369 2303 518 2368 habuisse
540 2307 677 2367 constat.
708 2303 877 2384 Accepisse
898 2307 1005 2368 autem
1020 2303 1205 2370 Ciceronem
1227 2305 1338 2373 eodem

206 2410 350 2486 tempore
371 2405 422 2469 vel
448 2405 543 2487 paulo
572 2407 648 2469 ante
674 2405 815 2486 privatas
842 2423 862 2469 a
883 2406 983 2470 Bruto
1005 2407 1138 2486 litteras,
1161 2407 1222 2472 etsi
1243 2407 1339 2471 certis

206 2507 399 2574 testimoniis
421 2507 623 2588 comprobari
650 2525 715 2571 non
736 2512 853 2588 potest,
875 2512 982 2574 tamen
1004 2526 1069 2573 non
1090 2510 1259 2574 verisimile
1278 2514 1338 2574 est.

206 2610 354 2689 Namque
376 2613 410 2674 et
433 2609 604 2689 exprimis
627 2609 780 2673 orationis
802 2609 888 2674 illius
915 2610 1021 2674 verbis
1042 2611 1144 2677 hisce:
1168 2612 1339 2694 ,Maximus

206 2710 278 2788 tibi,
305 2710 421 2788 Pansa,
447 2710 568 2791 gratim
601 2728 731 2775 omnes
764 2715 796 2775 et
822 2711 941 2776 habere
968 2717 1001 2776 et
1026 2730 1121 2793 agere
1148 2713 1338 2794 debemus,

208 2812 278 2894 qui
310 2831 392 2878 cum
424 2811 613 2878 hodierno
646 2813 709 2877 die
742 2819 919 2878 senatum
950 2819 987 2878 te
1013 2815 1238 2880 habiturum
1265 2835 1340 2882 non

208 2915 502 2993 arbitraremur,
525 2919 568 2979 ut
589 2915 633 2980 M.
655 2915 757 2997 Bruti,
784 2916 1049 2996 praestantissimi
1071 2917 1157 2997 aivis,
1180 2918 1340 2984 litteras

207 3018 411 3100 accepisti,
445 3035 486 3082 ne
511 3018 676 3084 minimam
704 3018 832 3100 quidem
859 3035 980 3082 moram
1007 3018 1235 3100 interposuisti,
1263 3020 1341 3101 quin

208 3120 463 3202 quamprimum
485 3118 623 3184 maximo
650 3119 767 3199 gabulo
796 3123 828 3184 et
854 3119 1068 3199 gratulatione
1095 3119 1339 3198 frueremur“,

209 3221 405 3300 Ciceronem,
428 3226 600 3301 antequam
627 3226 757 3286 senatus
784 3225 1020 3300 conuocaretur,
1049 3238 1089 3284 ne
1116 3238 1243 3284 causam
1271 3223 1341 3302 qui-

207 3323 283 3388 ‹lem
315 3341 372 3388 aur
404 3326 633 3390 convocaretur
659 3324 785 3388 novisse
812 3328 954 3405 apparet,
983 3328 1016 3387 et
1048 3340 1130 3403 quae
1162 3323 1203 3388 de
1230 3324 1342 3388 eodem

208 3425 312 3492 Bruto
350 3440 416 3489 non
453 3424 557 3490 solum
594 3424 705 3490 eadem
739 3425 883 3496 oratione
916 3424 948 3507 (ᾗ
981 3425 1037 3508 24)
1078 3425 1170 3490 dicit:
1210 3446 1246 3509 ,a
1274 3445 1340 3508 quo

209 3526 455 3607 insperatum
477 3530 510 3590 et
530 3527 779 3608 repentinum
801 3527 848 3591 rei
869 3526 1014 3608 publicae
1035 3528 1230 3608 praesidium
1245 3530 1341 3611 legio-

207 3647 288 3692 num
316 3628 487 3710 equitatus,
514 3628 705 3695 auxiliorum
732 3647 866 3709 magnae
888 3632 922 3692 et
942 3627 1051 3692 firmae
1077 3631 1188 3711 copiae
1215 3649 1342 3713 compa-

210 3735 301 3795 ratae
323 3729 429 3810 sunt“;
452 3730 628 3795 sedetiam
650 3730 785 3811 epistola
805 3731 861 3794 illa
881 3730 970 3813 (fam.
992 3730 1057 3794 XII
1077 3732 1113 3814 5)
1135 3733 1176 3797 ad
1197 3733 1342 3798 Cassium

209 3833 337 3898 scribit:
361 3833 497 3915 ,Brutus
519 3833 648 3914 quidem
670 3836 780 3896 noster
800 3833 959 3913 egregiam
979 3834 1107 3899 laudem
1129 3840 1178 3899 est
1193 3853 1342 3901 consecu-

208 3938 280 4014 tus3
313 3952 363 3998 res
397 3934 481 3998 cuim
507 3939 615 3999 tantas
647 3935 746 4015 gessit
776 3940 931 4016 tamque
959 3934 1194 4019 inopinatae,
1222 3943 1259 4002 ut
1285 3958 1343 4006 eae

209 4053 285 4100 cum
305 4055 363 4118 per
385 4054 419 4100 se
440 4041 551 4117 gratae
573 4042 687 4117 essent,
715 4041 784 4100 tum
812 4037 989 4100 ornatiores
1015 4043 1145 4120 propter
1167 4041 1344 4124 celerita-

210 4139 316 4218 tem“,
340 4139 526 4206 Ciceronem
547 4144 623 4205 ante
645 4139 788 4222 publicas
809 4140 879 4206 illas
900 4140 1025 4206 litteras
1047 4142 1161 4210 allatas
1183 4145 1343 4212 detentis
