3082 4856
1199 281 1241 346 25

161 473 221 547 set,
243 485 298 532 eos
319 485 359 532 ne
381 467 520 532 adfuisse
542 467 669 550 quidem
690 472 807 534 monet.
857 469 937 534 Post
964 467 1071 534 autem
1093 487 1188 551 quam
1210 469 1284 536 Hir-

165 570 228 634 tius
258 569 300 633 ad
332 568 452 634 bellum
477 568 639 652 profectus
666 574 723 649 est,
756 569 1017 654 reprehensiones
1050 570 1211 636 Ciceronis
1243 573 1285 638 ad

165 690 244 750 eum,
265 671 327 736 nisi
347 671 433 754 quod
453 673 487 736 in
507 671 577 753 ipso
598 671 683 737 bello
706 672 832 753 segnius
853 673 903 738 vel
924 672 1155 754 imprudentius
1179 692 1213 738 se
1232 693 1285 756 ge-

162 778 248 840 reret
265 776 301 854 1),
328 774 486 857 pertinere
512 792 577 839 non
611 772 677 838 fere
711 780 892 857 potuerrmt
939 774 991 840 Ad
1021 775 1157 840 Pansam
1189 776 1286 858 igitur

162 895 200 943 ea
217 881 370 958 spectant,
387 894 469 958 quae
485 877 730 942 morationibus
746 877 960 942 inveniuntur.
987 878 1092 959 Atque
1107 878 1201 944 11111111
1217 880 1285 961 qui-

161 979 236 1044 dem
263 979 387 1059 generis
415 979 518 1059 prima
544 978 642 1045 verba
669 979 821 1044 orationis
842 979 924 1044 Phil.
952 980 1014 1045 VH
1036 984 1123 1045 sunt:
1158 982 1285 1063 „Parvis

160 1081 203 1145 de
224 1080 407 1166 rebus„sed
428 1079 564 1145 fortasse
585 1081 770 1146 necessariis
799 1083 1005 1146 consulimur:
1038 1081 1077 1146 de
1104 1082 1207 1164 Appia
1232 1084 1285 1149 via

160 1189 195 1248 et
228 1182 268 1247 de
299 1183 429 1267 Moneta
455 1183 565 1248 consul
591 1220 630 1230 -
659 1181 771 1264 refert3
806 1202 938 1264 quarum
964 1201 1070 1248 rerum
1098 1185 1158 1249 etsi
1183 1184 1284 1250 facilis

160 1284 330 1366 explicatio
352 1285 487 1363 videtur,
510 1289 617 1350 tamen
639 1286 762 1352 animus
786 1286 913 1350 aberrat
935 1304 955 1349 a
976 1287 1133 1351 sententia
1154 1305 1284 1370 suspen·

159 1405 216 1452 sus
238 1387 322 1451 curis
343 1386 532 1452 1111111111111(ι
555 1405 583 1452 1.
605 1407 636 1470 q.
658 1406 683 1452 s.
727 1389 838 1470 Neque
865 1392 934 1452 tota
962 1388 1105 1453 oratione
1127 1388 1283 1455 derebus

158 1491 271 1555 relatis
293 1489 461 1572 quicquam
482 1489 568 1569 dicit,
591 1491 652 1554 nisi
676 1493 816 1556 extrema
836 1490 930 1554 haec:
959 1489 1090 1573 „quibus
1117 1490 1157 1555 de
1188 1491 1284 1556 rebus

161 1591 272 1670 refers,
298 1591 336 1654 P.
365 1590 498 1656 Servilio
526 1592 707 1658 assentior.“
757 1592 796 1656 In
821 1592 871 1656 his
898 1592 1018 1673 aliquid
1042 1592 1283 1674 vituperationis

51 1711 62 1732 ·
164 1694 267 1758 inesse
288 1694 359 1775 quis
380 1711 445 1759 non
466 1693 562 1772 videt,
585 1695 670 1775 quod
697 1695 808 1759 consul
834 1695 946 1760 animis
971 1695 1133 1760 hominum
1155 1698 1284 1762 summis

164 1798 204 1862 de
225 1797 321 1862 rebus
342 1797 502 1878 suspensis
526 1797 565 1862 de
586 1798 679 1878 nugis
699 1797 868 1863 rettulerit.
901 1797 1011 1879 Neque
1032 1798 1189 1878 laudibus,
1206 1817 1284 1881 quas

161 1900 273 1966 eadem
295 1901 439 1964 oratione
461 1899 513 1982 (ἓξ
535 1899 633 1980 5-7)
657 1899 777 1978 Cicero,
793 1904 962 1980 postquam
978 1901 1157 1965 consulares
1175 1907 1284 1982 aperte

161 2003 375 2085 reprehendit,
409 2003 533 2068 Pansae
566 2002 687 2068 consuli
724 2002 845 2080 tribuit,
890 2003 1004 2067 desunt
1047 2004 1158 2068 aculei.
1202 2004 1283 2070 Nam

158 2117 232 2187 'quo
254 2109 371 2186 spectet
394 2105 513 2182 Cicero,
537 2123 555 2169 e
575 2103 680 2168 verbis
703 2104 734 2186 (ᾗ
758 2105 805 2183 7);
840 2109 933 2186 „tum
955 2107 1080 2168 autem
1107 2104 1284 2170 illustratum

169 2207 357 2286 consulatus
386 2225 456 2271 cum
482 2205 638 2287 gubernat
664 2223 732 2270 rem
758 2204 933 2288 publicam“
963 2221 990 2268 1.
1018 2224 1049 2287 q.
1076 2223 1112 2284 1.,
1141 2207 1283 2272 cumbis

165 2309 354 2391 comparatis
370 2309 402 2392 (§
419 2309 490 2391 bb:
514 2309 575 2391 „Te
590 2308 702 2390 ipsum,
718 2308 833 2386 Pansa,
855 2325 968 2380 moneo
991 2343 1031 2354 —
1055 2307 1138 2372 hunc
1159 2313 1284 2375 tantum

159 2417 251 2478 tuum
273 2417 461 2496 apparatum
483 2416 612 2493 tamque
633 2412 832 2492 praeclarum
859 2429 899 2476 ne
927 2411 968 2476 ad
988 2411 1122 2476 nihilum
1144 2412 1284 2480 recidere

159 2516 299 2598 patiare“
338 2513 548 2598 colligendum
586 2517 644 2586 est,
699 2513 820 2578 Deinde
862 2514 972 2594 primis
1011 2514 1164 2578 orationis
1200 2514 1283 2580 Phil.

159 2617 242 2684 VIII
262 2616 385 2682 verbis:
415 2614 600 2698 ,Confusius
621 2615 770 2680 hesterno
793 2616 844 2681 die
866 2621 914 2690 est
936 2621 1007 2680 acta
1028 2635 1088 2695 res,
1112 2617 1147 2682 O.
1169 2617 1282 2698 Pansa,

161 2739 258 2803 quem
279 2717 463 2801 postulabat
484 2717 674 2806 institutum,
689 2719 871 2782 consulatus
892 2719 955 2783 tui:
977 2737 1089 2800 parum
1105 2719 1183 2784 mihi
1199 2720 1284 2786 visus

160 2840 196 2887 es
219 2839 284 2900 eos,
308 2819 423 2901 quibus
445 2821 555 2884 cedere
576 2837 640 2884 non
667 2820 759 2897 soles,
789 2820 960 2884 sustinere“
995 2825 1052 2884 cet.
1084 2856 1122 2868 -
1152 2822 1284 2902 apertis·

160 2925 242 2990 sima
263 2924 388 3010 Pansae
409 2923 600 3006 vituperatio
628 2922 815 2999 continetur,
844 2921 898 3001 qui
919 2940 1030 3001 parum
1053 2923 1113 2987 sibi
1135 2929 1284 2990 constans

159 3028 195 3092 111
221 3044 331 3091 eorum
360 3025 548 3090 sententiam
580 3023 767 3100 discesserit,
790 3022 850 3104 =qui
881 3024 977 3087 etiam
1009 3027 1078 3086 111111
1110 3025 1284 3092 lenioribus

164 3127 356 3212 quibusdam
379 3127 412 3190 111
434 3126 607 3190 Antonium
629 3127 677 3192 uti
697 3126 815 3190 vellent
837 3125 984 3190 consiliis.
1009 3161 1046 3170 -
1070 3127 1150 3192 Tum
1173 3126 1283 3192 eadem

160 3231 217 3296 illa
243 3248 325 3313 quae
353 3248 391 3296 ex
424 3228 620 3293 orationibus
647 3228 728 3292 Phil.
751 3227 798 3291 XI
820 3231 852 3292 ct
873 3227 945 3306 XII,
974 3233 1010 3291 ut
1036 3227 1220 3294 Ciceronem
1247 3227 1283 3292 fi-

161 3334 235 3400 dem
257 3332 420 3398 consulum
448 3349 467 3394 a
493 3331 722 3412 suspicionibus
748 3330 911 3396 hominum
939 3329 1115 3396 defendisse
1137 3331 1284 3396 ostende-

159 3455 279 3515 remus,
301 3440 375 3500 ante
397 3435 570 3512 attulimus,
598 3452 663 3497 non
691 3434 797 3498 omnia
824 3451 862 3498 ex
889 3434 986 3498 animi
1014 3435 1171 3500 sententia
1198 3433 1284 3500 dicta

160 3557 231 3605 esse
262 3537 438 3619 putandum
471 3542 529 3602 est.
579 3535 679 3606 Immo
708 3536 789 3600 sicut
815 3534 1034 3618 saepissime'2)
1063 3535 1149 3602 aliud
1176 3537 1283 3616 sensit,

160 3642 250 3707 aliud
266 3640 433 3706 dicendum
453 3657 521 3704 esse
542 3639 742 3702 existimavit.
770 3639 839 3702 Hoc
855 3655 926 3704 cum
940 3657 979 3702 en
996 3638 1105 3718 primis
1120 3643 1284 3703 sententus

160 3744 317 3810 orationis
344 3742 407 3807 XII
434 3748 503 3808 tum
529 3761 567 3807 er
594 3741 643 3806 his
675 3741 750 3806 licet
775 3758 959 3822 agnoscere:
995 3741 1154 3823 „Accessit
1175 3739 1284 3804 consul

271 4000 291 4066 ¹)
314 3997 361 4051 (111
384 4014 425 4067 ep.
448 3998 483 4050 ad
505 3999 622 4051 Brutum
640 3999 653 4050 l
671 3997 711 4062 10,
729 3998 758 4050 2:
797 3998 915 4052 bellum
934 3997 968 4050 ad
987 3997 1123 4050 Mutinam
1145 3997 1283 4064 1111111-

159 4084 253 4149 batur,
272 4083 342 4137 nibil
361 4089 392 4136 ut
408 4085 438 4136 in
456 4084 573 4137 Caesare
591 4082 820 4152 reprehenderes,
839 4083 972 4136 nonnulla
988 4083 1018 4135 in
1037 4082 1154 4136 Hirtio.»

266 4171 290 4237 2)
308 4169 355 4223 (111
373 4169 467 4222 Cobet.
503 4169 692 4238 Mnemosyne,
712 4169 729 4222 1,
749 4184 771 4222 1.
790 4185 817 4238 p.
835 4169 886 4224 263
904 4184 961 4237 sqq.
