3082 4856
268 270 310 334 22

225 460 352 538 praeter
384 474 481 520 unum
507 474 567 537 me,
596 491 637 504 -
666 457 720 538 qui
749 457 857 522 credat
882 461 915 520 te
941 455 1040 520 invito
1067 455 1260 536 provinciam
1286 455 1345 520 tibi

227 575 295 623 esse
319 558 487 622 decretam.
530 559 630 638 Hanc,
653 577 779 640 quaeso,
803 577 860 642 pro
883 563 939 623 tua
960 557 1112 638 singulari
1127 558 1281 639 sapientia
1297 577 1345 623 re-

226 661 326 742 prime
347 659 464 724 famam
486 665 581 743 atque
604 660 693 726 effice
713 680 754 727 ne
780 662 823 740 id,
846 659 932 742 quod
953 679 1018 725 uon
1041 678 1142 739 curas,
1165 678 1279 743 cupere
1299 660 1346 725 vi·

226 762 337 826 deare“
360 780 387 826 e.
415 781 445 844 q.
473 781 498 826 s.
523 799 562 810 -
584 763 623 828 In
644 764 753 846 primis
775 767 882 828 autem
908 762 960 826 hic
987 780 1080 844 quem
1105 765 1278 827 tractamus
1299 763 1346 826 lo-

226 881 281 928 cus
319 864 358 927 iis
396 866 579 947 explicatur,
614 884 694 948 quae
732 867 766 930 in
802 865 884 930 Phil.
922 865 986 930 XII
1023 865 1063 930 de
1095 869 1241 946 suspecta
1273 883 1346 930 con-

226 965 330 1030 sulum
356 963 418 1031 fide
445 965 628 1032 afferuntur.
678 968 747 1047 Quo
779 972 907 1050 praeter
937 968 1054 1051 primas
1090 968 1157 1032 eius
1194 967 1347 1040 orationis

227 1069 401 1133 sententias
437 1069 516 1134 haec
552 1071 712 1153 pertinent
751 1070 782 1154 (ἕ
821 1071 870 1152 6);
916 1070 1031 1154 ,quidl
1068 1069 1116 1134 vir
1156 1069 1347 1134 fortissimus

226 1170 332 1234 Pansa
363 1171 431 1234 sine
463 1187 559 1237 causa
590 1173 684 1254 paulo
722 1178 796 1237 ante
838 1177 905 1236 tarn
942 1176 1089 1237 accurate
1125 1172 1249 1238 locutus
1288 1175 1345 1251 est,

226 1276 294 1336 tam
332 1273 407 1336 diu?
441 1273 524 1352 Quid
556 1275 621 1355 egit
651 1275 713 1339 nisi
737 1275 786 1339 uti
814 1274 926 1338 falsam
954 1273 1140 1356 proditionis
1173 1293 1193 1337 a
1224 1291 1258 1338 se
1296 1292 1347 1338 su-

227 1375 400 1457 spicionem
433 1376 624 1458 depelleret?
667 1376 759 1442 Unde
786 1380 891 1440 autem
923 1376 979 1440 illa
1011 1375 1147 1457 suspicio
1186 1375 1254 1440 est?
1298 1375 1348 1438 Ex
1391 1417 1394 1424 ·

227 1478 314 1560 pacis
351 1478 528 1559 patrocinio
568 1479 744 1560 repentino,
784 1477 869 1560 quod
907 1477 1012 1542 subito
1051 1478 1198 1559 suscepit,
1236 1477 1347 1541 eodem

228 1585 339 1660 captus
378 1598 483 1645 errore
521 1599 582 1663 quo
621 1583 706 1645 nos“.
761 1581 842 1646 Turn
886 1579 1098 1661 comparanda
1139 1585 1222 1659 sunt,
1267 1596 1347 1661 quae

227 1681 346 1746 ibidem
373 1681 405 1765 (ᾖ
433 1684 466 1762 9)
495 1684 534 1747 de
561 1683 666 1747 Hirtio
694 1683 850 1762 dicuntur,
877 1700 971 1765 porro
994 1681 1031 1764 ἓξ
1056 1683 1190 1761 15-16,
1213 1682 1348 1762 denique

228 1783 306 1846 haec
330 1781 362 1868 (ᾖ
387 1784 455 1865 18);
479 1790 528 1867 ,te
550 1785 662 1866 ipsum,
685 1786 800 1866 Pansa,
827 1784 1135 1849 vehementissimum
1161 1783 1348 1849 6116611661-

228 1903 315 1950 mum
337 1888 497 1951 consulem
518 1887 637 1951 facturn
659 1889 722 1951 iam
744 1892 859 1969 putant
879 1887 1045 1952 leniorem:
1068 1905 1133 1950 non
1154 1904 1216 1967 quo
1239 1885 1285 1949 ita
1307 1885 1349 1950 sit

228 1992 285 2052 aut
317 1974 388 2053 6666Ι
417 1990 526 2070 possit,
561 1991 617 2054 sed
648 1991 766 2055 mantio
799 2009 818 2053 a
850 1995 883 2054 te
908 1990 994 2054 facta
1019 1989 1106 2071 pacis
1139 1989 1348 2071 suspicionem

229 2091 336 2166 multis
370 2092 478 2156 attulit
510 2094 694 2157 immutatae
720 2093 921 2158 voluntatis.“
950 2129 989 2138 —
1017 2093 1067 2156 Ex
1094 2091 1143 2156 his
1169 2091 1203 2155 id
1224 2108 1368 2173 quoquen

229 2200 371 2274 apparet,
396 2195 581 2260 Ciceronem
606 2193 700 2260 fidem
728 2196 891 2260 consulum
918 2212 1043 2276 semper
1068 2194 1195 2275 publice
1222 2193 1349 2275 quidem

230 2295 409 2361 defendisse
424 2297 463 2378 Ι);
491 2297 584 2360 huius
610 2297 672 2362 loci
699 2297 781 2361 idem
809 2297 988 2361 meminisse
1015 2297 1148 2375 videtur,
1177 2300 1350 2378 cumpost

229 2398 385 2479 proelium
406 2398 490 2478 apud
516 2399 636 2463 Forum
662 2397 825 2463 Gallorum
850 2398 969 2462 factum
996 2399 1038 2462 ad
1059 2398 1194 2464 eundem
1215 2398 1350 2462 Brutum

230 2499 309 2563 haec
331 2500 441 2564 scribit
470 2500 500 2585 (Ι
521 2502 551 2580 3,
586 2503 633 2583 1):
663 2501 788 2583 ,quales
810 2499 870 2564 tibi
891 2519 984 2582 saepe
999 2500 1110 2582 scripsi
1130 2500 1283 2579 consules,
1301 2505 1349 2564 ta-

229 2601 277 2666 les
304 2603 518 2682 exstiterunt,“
552 2609 584 2667 61
615 2603 789 2686 posteriore
821 2607 963 2685 tempore
1000 2602 1056 2685 (ad
1093 2602 1147 2666 Br.
1180 2602 1197 2665 1
1232 2603 1281 2680 10,
1316 2603 1348 2683 1)

231 2703 271 2766 de
291 2704 396 2768 Pansa
417 2705 451 2769 in
473 2707 605 2770 eandem
627 2707 831 2771 seutentiam:
865 2706 932 2788 ,oui
959 2705 1106 2783 consuli,“
1134 2705 1245 2786 inquit,
1270 2722 1350 2787 ,uon

232 2807 354 2872 animus
376 2807 416 2870 ab
439 2808 541 2888 initio,
568 2827 633 2874 nou
659 2807 738 2874 fides
765 2809 806 2872 ad
832 2814 1006 2874 extremum
1034 2806 1161 2872 uermes
1184 2843 1226 2852 -
1247 2806 1295 2870 Ne
1316 2806 1350 2869 in

231 2915 373 2991 tempore
396 2911 523 2992 quidem
550 2912 643 2976 huius
671 2912 823 2994 epistolae
850 2909 1081 2989 constituendo,
1109 2909 1198 2974 locus
1225 2909 1349 2989 dequo

230 3013 324 3076 modo
354 3014 473 3094 egimus
498 3015 798 3097 praetermittendus
823 3014 958 3077 videtur.
1002 3013 1093 3092 Nam,
1122 3029 1204 3093 quae
1225 3011 1276 3074 hic
1298 3009 1350 3074 Oi-

232 3133 303 3180 cero
337 3116 376 3181 de
409 3115 472 3182 fide
505 3116 668 3182 consulum
695 3116 805 3180 scribit
831 3133 901 3178 cum
927 3115 966 3179 iis
996 3133 1077 3196 quae
1103 3133 1142 3179 eu
1177 3114 1259 3178 Phil.
1286 3112 1350 3177 ΧΠ

232 3218 395 3284 attulimus
425 3224 591 3300 tantopere
625 3218 835 3296 consentiunt,
868 3221 904 3281 ut
936 3218 1079 3298 equidem
1111 3235 1175 3282 non
1208 3216 1350 3281 dubitem

231 3319 314 3385 hanc
341 3322 506 3402 epistolam
533 3322 644 3387 eodem
670 3325 822 3402 tempore,
850 3338 913 3400 quo
941 3320 1042 3384 oratio
1070 3320 1125 3386 illa
1156 3319 1266 3385 habita
1298 3318 1349 3398 sit,

231 3422 381 3503 scriptam
403 3440 472 3487 esse
493 3427 642 3488 statuere.

334 3525 416 3588 Ante
443 3525 507 3589 iarn
534 3525 718 3589 Ciceronem
745 3525 793 3604 iis,
827 3542 908 3607 quae
940 3524 979 3590 de
1010 3529 1156 3606 suspecta
1188 3524 1351 3589 consulum

231 3624 294 3691 fide
321 3627 440 3706 scribit,
468 3628 586 3692 adres
612 3627 731 3693 Romae
758 3632 791 3693 et
816 3628 850 3692 in
876 3633 989 3692 senatu
1010 3632 1099 3692 actas
1120 3631 1350 3707 transgressum

233 3746 302 3793 esse
328 3731 517 3796 monuimus.
565 3731 670 3813 Atque
692 3748 773 3812 quae
800 3731 947 3813 deinceps
973 3736 1156 3812 sequuntur,
1190 3747 1255 3793 non
1287 3728 1351 3792 iam

233 3831 274 3894 ad
296 3839 417 3898 certum
444 3833 602 3915 quoddam
630 3839 753 3915 tempus
780 3834 947 3900 referenda
972 3837 1054 3913 sunt,
1082 3832 1138 3898 sed
1164 3831 1206 3896 ad
1226 3831 1350 3896 uuiver-

231 3989 435 4000 ...ι-..-

338 4074 361 4141 1)
388 4074 436 4128 Ofr
461 4074 543 4128 etiam
565 4073 696 4143 epistolas
718 4073 753 4127 ad
777 4071 945 4127 Trebonium
967 4076 997 4126 et
1018 4070 1054 4124 ad
1076 4071 1202 4125 Cassium
1225 4069 1301 4139 (fam.
1324 4071 1350 4124 X

234 4159 274 4221 28,
293 4161 310 4215 3
329 4167 357 4214 et
373 4161 427 4215 XII
444 4161 469 4227 4,
489 4162 517 4229 1)
536 4177 569 4214 m.
588 4160 741 4216 Februario
761 4158 839 4212 datos
857 4157 960 4224 (Solem.
979 4156 997 4210 l.
1016 4173 1040 4211 6.
1057 4172 1084 4226 p.
1101 4157 1156 4224 26).
