<?xml version="1.0" encoding="UTF-8"?>
<!DOCTYPE html PUBLIC "-//W3C//DTD XHTML 1.0 Transitional//EN"
    "http://www.w3.org/TR/xhtml1/DTD/xhtml1-transitional.dtd">
<html xmlns="http://www.w3.org/1999/xhtml" xml:lang="en" lang="en">
 <head>
  <title>
</title>
<meta http-equiv="Content-Type" content="text/html;charset=utf-8" />
  <meta name='ocr-system' content='tesseract 3.04.00' />
  <meta name='ocr-capabilities' content='ocr_page ocr_carea ocr_par ocr_line ocrx_word'/>
</head>
<body>
  <div class='ocr_page' id='page_1' title='image "./deciceronisadbr00cicegoog_0023.png"; bbox 0 0 3082 4856; ppageno 0'>
   <div class='ocr_carea' id='block_1_1' title="bbox 333 268 373 332">
    <p class='ocr_par' dir='ltr' id='par_1_1' title="bbox 333 268 373 332">
     <span class='ocr_line' id='line_1_1' title="bbox 333 268 373 332; baseline 0.025 -1"><span class='ocrx_word' id='word_1_1' title='bbox 333 268 373 332; x_wconf 90' lang='grc'>16</span> 
     </span>
    </p>
   </div>
   <div class='ocr_carea' id='block_1_2' title="bbox 287 447 1417 634">
    <p class='ocr_par' dir='ltr' id='par_1_2' title="bbox 287 447 1417 634">
     <span class='ocr_line' id='line_1_2' title="bbox 287 447 1417 537; baseline 0.006 -22"><span class='ocrx_word' id='word_1_2' title='bbox 287 451 366 533; x_wconf 85' lang='lat' dir='ltr'>picis</span> <span class='ocrx_word' id='word_1_3' title='bbox 387 450 417 515; x_wconf 91' lang='lat' dir='ltr'>V</span> <span class='ocrx_word' id='word_1_4' title='bbox 438 455 471 514; x_wconf 91' lang='lat' dir='ltr'>et</span> <span class='ocrx_word' id='word_1_5' title='bbox 492 450 522 515; x_wconf 88' lang='lat' dir='ltr'>X</span> <span class='ocrx_word' id='word_1_6' title='bbox 544 451 586 516; x_wconf 84' lang='lat' dir='ltr'>ad</span> <span class='ocrx_word' id='word_1_7' title='bbox 607 451 743 515; x_wconf 84' lang='lat' dir='ltr'><strong>Brutum</strong></span> <span class='ocrx_word' id='word_1_8' title='bbox 763 447 886 513; x_wconf 84' lang='lat' dir='ltr'>misisse</span> <span class='ocrx_word' id='word_1_9' title='bbox 907 449 1077 516; x_wconf 87' lang='lat' dir='ltr'>verisimile</span> <span class='ocrx_word' id='word_1_10' title='bbox 1098 458 1155 532; x_wconf 89' lang='lat' dir='ltr'>est,</span> <span class='ocrx_word' id='word_1_11' title='bbox 1172 455 1308 537; x_wconf 84' lang='lat' dir='ltr'><strong>primam</strong></span> <span class='ocrx_word' id='word_1_12' title='bbox 1320 457 1417 524; x_wconf 86' lang='lat' dir='ltr'>fuisse</span> 
     </span>
     <span class='ocr_line' id='line_1_3' title="bbox 288 551 1047 634; baseline 0.003 -18"><span class='ocrx_word' id='word_1_13' title='bbox 288 552 356 617; x_wconf 89' lang='lat' dir='ltr'>eius</span> <span class='ocrx_word' id='word_1_14' title='bbox 377 553 454 616; x_wconf 81' lang='lat' dir='ltr'>anni</span> <span class='ocrx_word' id='word_1_15' title='bbox 475 551 567 617; x_wconf 92' lang='lat' dir='ltr'>nobis</span> <span class='ocrx_word' id='word_1_16' title='bbox 590 552 718 633; x_wconf 92' lang='lat' dir='ltr'>quidem</span> <span class='ocrx_word' id='word_1_17' title='bbox 740 567 927 633; x_wconf 81' lang='lat' dir='ltr'>persuasum</span> <span class='ocrx_word' id='word_1_18' title='bbox 950 557 999 617; x_wconf 85' lang='lat' dir='ltr'>est</span> <span class='ocrx_word' id='word_1_19' title='bbox 1013 552 1047 634; x_wconf 85' lang='lat'>¹).</span> 
     </span>
    </p>
   </div>
   <div class='ocr_carea' id='block_1_3' title="bbox 286 653 1416 1127">
    <p class='ocr_par' dir='ltr' id='par_1_3' title="bbox 286 653 1416 1127">
     <span class='ocr_line' id='line_1_4' title="bbox 391 653 1415 740; baseline 0.006 -23"><span class='ocrx_word' id='word_1_20' title='bbox 391 655 479 733; x_wconf 79' lang='lat' dir='ltr'>Quae</span> <span class='ocrx_word' id='word_1_21' title='bbox 511 653 603 718; x_wconf 89' lang='lat' dir='ltr'>nobis</span> <span class='ocrx_word' id='word_1_22' title='bbox 635 671 911 736; x_wconf 83' lang='lat' dir='ltr'>proposueramus,</span> <span class='ocrx_word' id='word_1_23' title='bbox 944 658 981 718; x_wconf 92' lang='lat' dir='ltr'>ut</span> <span class='ocrx_word' id='word_1_24' title='bbox 1011 655 1147 736; x_wconf 90' lang='lat' dir='ltr'>primum</span> <span class='ocrx_word' id='word_1_25' title='bbox 1173 656 1415 740; x_wconf 82' lang='lat' dir='ltr'>disputaremus,</span> 
     </span>
     <span class='ocr_line' id='line_1_5' title="bbox 286 754 1416 838; baseline 0.004 -18"><span class='ocrx_word' id='word_1_26' title='bbox 286 755 330 820; x_wconf 83' lang='lat' dir='ltr'>cd</span> <span class='ocrx_word' id='word_1_27' title='bbox 350 754 446 820; x_wconf 90' lang='lat' dir='ltr'>finem</span> <span class='ocrx_word' id='word_1_28' title='bbox 468 756 621 837; x_wconf 83' lang='lat' dir='ltr'>perducto</span> <span class='ocrx_word' id='word_1_29' title='bbox 642 760 731 836; x_wconf 82' lang='lat' dir='ltr'>sunt3</span> <span class='ocrx_word' id='word_1_30' title='bbox 758 774 862 838; x_wconf 88' lang='lat' dir='ltr'>neque</span> <span class='ocrx_word' id='word_1_31' title='bbox 888 757 972 820; x_wconf 89' lang='lat' dir='ltr'>enim</span> <span class='ocrx_word' id='word_1_32' title='bbox 995 757 1169 822; x_wconf 85' lang='lat' dir='ltr'>omittenda</span> <span class='ocrx_word' id='word_1_33' title='bbox 1190 774 1258 821; x_wconf 86' lang='lat' dir='ltr'>esse</span> <span class='ocrx_word' id='word_1_34' title='bbox 1280 756 1416 824; x_wconf 82' lang='lat' dir='ltr'>arbitra·</span> 
     </span>
     <span class='ocr_line' id='line_1_6' title="bbox 288 857 1416 940; baseline -0.001 -18"><span class='ocrx_word' id='word_1_35' title='bbox 288 857 410 936; x_wconf 84' lang='lat' dir='ltr'>bamur,</span> <span class='ocrx_word' id='word_1_36' title='bbox 434 859 462 922; x_wconf 88' lang='lat' dir='ltr'>si</span> <span class='ocrx_word' id='word_1_37' title='bbox 484 858 610 939; x_wconf 86' lang='lat' dir='ltr'>quidem</span> <span class='ocrx_word' id='word_1_38' title='bbox 637 857 677 922; x_wconf 92' lang='lat' dir='ltr'>iis</span> <span class='ocrx_word' id='word_1_39' title='bbox 703 858 848 939; x_wconf 83' lang='lat' dir='ltr'>probatis</span> <span class='ocrx_word' id='word_1_40' title='bbox 869 859 1036 940; x_wconf 85' lang='lat' dir='ltr'>permulta,</span> <span class='ocrx_word' id='word_1_41' title='bbox 1065 877 1146 940; x_wconf 82' lang='lat' dir='ltr'>quae</span> <span class='ocrx_word' id='word_1_42' title='bbox 1166 859 1200 923; x_wconf 92' lang='lat' dir='ltr'>in</span> <span class='ocrx_word' id='word_1_43' title='bbox 1226 858 1320 922; x_wconf 92' lang='lat' dir='ltr'>huius</span> <span class='ocrx_word' id='word_1_44' title='bbox 1342 858 1416 922; x_wconf 91' lang='lat' dir='ltr'>libri</span> 
     </span>
     <span class='ocr_line' id='line_1_7' title="bbox 288 959 1416 1040; baseline 0.002 -18"><span class='ocrx_word' id='word_1_45' title='bbox 288 959 430 1040; x_wconf 83' lang='lat' dir='ltr'>epistolis</span> <span class='ocrx_word' id='word_1_46' title='bbox 451 959 544 1025; x_wconf 88' lang='lat' dir='ltr'>nobis</span> <span class='ocrx_word' id='word_1_47' title='bbox 569 959 697 1024; x_wconf 81' lang='lat' dir='ltr'>traditis</span> <span class='ocrx_word' id='word_1_48' title='bbox 718 961 804 1024; x_wconf 89' lang='lat' dir='ltr'>viros</span> <span class='ocrx_word' id='word_1_49' title='bbox 826 959 938 1025; x_wconf 88' lang='lat' dir='ltr'>doctos</span> <span class='ocrx_word' id='word_1_50' title='bbox 960 959 1167 1040; x_wconf 86' lang='lat' dir='ltr'>offenderunt,</span> <span class='ocrx_word' id='word_1_51' title='bbox 1189 960 1253 1025; x_wconf 84' lang='lat' dir='ltr'>iam</span> <span class='ocrx_word' id='word_1_52' title='bbox 1273 963 1360 1024; x_wconf 91' lang='lat' dir='ltr'>recte</span> <span class='ocrx_word' id='word_1_53' title='bbox 1381 977 1416 1024; x_wconf 91' lang='lat' dir='ltr'>se</span> 
     </span>
     <span class='ocr_line' id='line_1_8' title="bbox 287 1060 629 1127; baseline 0.009 -4"><span class='ocrx_word' id='word_1_54' title='bbox 287 1060 406 1126; x_wconf 83' lang='lat' dir='ltr'>habere</span> <span class='ocrx_word' id='word_1_55' title='bbox 427 1061 629 1127; x_wconf 85' lang='lat' dir='ltr'>videbuntur.</span> 
     </span>
    </p>
   </div>
   <div class='ocr_carea' id='block_1_4' title="bbox 287 1315 1420 1892">
    <p class='ocr_par' dir='ltr' id='par_1_4' title="bbox 287 1315 1420 1892">
     <span class='ocr_line' id='line_1_9' title="bbox 392 1315 1418 1385; baseline -0.001 -17"><span class='ocrx_word' id='word_1_56' title='bbox 392 1317 415 1384; x_wconf 91' lang='lat'>¹)</span> <span class='ocrx_word' id='word_1_57' title='bbox 433 1317 524 1383; x_wconf 81' lang='lat' dir='ltr'>Atque</span> <span class='ocrx_word' id='word_1_58' title='bbox 542 1316 614 1369; x_wconf 80' lang='lat' dir='ltr'>huno</span> <span class='ocrx_word' id='word_1_59' title='bbox 631 1317 721 1385; x_wconf 80' lang='lat' dir='ltr'>ipsam</span> <span class='ocrx_word' id='word_1_60' title='bbox 743 1315 860 1371; x_wconf 81' lang='lat' dir='ltr'>eandem</span> <span class='ocrx_word' id='word_1_61' title='bbox 882 1329 952 1380; x_wconf 87' lang='lat' dir='ltr'>esso,</span> <span class='ocrx_word' id='word_1_62' title='bbox 977 1331 1048 1383; x_wconf 82' lang='lat' dir='ltr'>quac</span> <span class='ocrx_word' id='word_1_63' title='bbox 1071 1317 1154 1370; x_wconf 86' lang='lat' dir='ltr'>huius</span> <span class='ocrx_word' id='word_1_64' title='bbox 1174 1316 1241 1370; x_wconf 90' lang='lat' dir='ltr'>libri</span> <span class='ocrx_word' id='word_1_65' title='bbox 1261 1316 1352 1384; x_wconf 80' lang='lat' dir='ltr'>prima</span> <span class='ocrx_word' id='word_1_66' title='bbox 1378 1319 1418 1368; x_wconf 75' lang='lat' dir='ltr'>et</span> 
     </span>
     <span class='ocr_line' id='line_1_10' title="bbox 287 1398 1419 1467; baseline -0.003 -13"><span class='ocrx_word' id='word_1_67' title='bbox 287 1400 420 1454; x_wconf 82' lang='lat' dir='ltr'>iomnunc</span> <span class='ocrx_word' id='word_1_68' title='bbox 439 1406 538 1465; x_wconf 81' lang='lat' dir='ltr'>exstat,</span> <span class='ocrx_word' id='word_1_69' title='bbox 556 1399 632 1454; x_wconf 80' lang='lat' dir='ltr'>infra</span> <span class='ocrx_word' id='word_1_70' title='bbox 654 1399 844 1455; x_wconf 74' lang='lat' dir='ltr'>demonstrare</span> <span class='ocrx_word' id='word_1_71' title='bbox 864 1399 1034 1454; x_wconf 80' lang='lat' dir='ltr'>conabimur.</span> <span class='ocrx_word' id='word_1_72' title='bbox 1057 1430 1090 1440; x_wconf 90' lang='lat'><em>-</em></span> <span class='ocrx_word' id='word_1_73' title='bbox 1108 1400 1187 1467; x_wconf 77' lang='lat' dir='ltr'>Quod</span> <span class='ocrx_word' id='word_1_74' title='bbox 1205 1398 1382 1466; x_wconf 86' lang='lat' dir='ltr'>Schmidtius,</span> <span class='ocrx_word' id='word_1_75' title='bbox 1400 1398 1419 1451; x_wconf 89' lang='lat' dir='ltr'>l.</span> 
     </span>
     <span class='ocr_line' id='line_1_11' title="bbox 289 1483 1418 1556; baseline -0.003 -17"><span class='ocrx_word' id='word_1_76' title='bbox 289 1501 312 1539; x_wconf 92' lang='lat' dir='ltr'>c.</span> <span class='ocrx_word' id='word_1_77' title='bbox 330 1503 357 1556; x_wconf 93' lang='lat' dir='ltr'>p.</span> <span class='ocrx_word' id='word_1_78' title='bbox 374 1485 417 1552; x_wconf 82' lang='lat'>31,</span> <span class='ocrx_word' id='word_1_79' title='bbox 436 1486 498 1540; x_wconf 71' lang='lat' dir='ltr'>coln.</span> <span class='ocrx_word' id='word_1_80' title='bbox 516 1486 541 1549; x_wconf 83' lang='lat'>3,</span> <span class='ocrx_word' id='word_1_81' title='bbox 561 1486 721 1538; x_wconf 86' lang='lat' dir='ltr'>Ciceronem</span> <span class='ocrx_word' id='word_1_82' title='bbox 740 1485 774 1537; x_wconf 88' lang='lat' dir='ltr'>de</span> <span class='ocrx_word' id='word_1_83' title='bbox 797 1484 888 1536; x_wconf 79' lang='lat' dir='ltr'>Pansa</span> <span class='ocrx_word' id='word_1_84' title='bbox 910 1483 1049 1538; x_wconf 78' lang='lat' dir='ltr'>Mutinam</span> <span class='ocrx_word' id='word_1_85' title='bbox 1071 1485 1197 1553; x_wconf 86' lang='lat' dir='ltr'>profecto</span> <span class='ocrx_word' id='word_1_86' title='bbox 1216 1490 1245 1539; x_wconf 89' lang='lat' dir='ltr'>et</span> <span class='ocrx_word' id='word_1_87' title='bbox 1262 1485 1297 1541; x_wconf 86' lang='lat' dir='ltr'>de</span> <span class='ocrx_word' id='word_1_88' title='bbox 1314 1483 1418 1538; x_wconf 83' lang='lat' dir='ltr'>Planco</span> 
     </span>
     <span class='ocr_line' id='line_1_12' title="bbox 288 1566 1419 1640; baseline -0.004 -16"><span class='ocrx_word' id='word_1_89' title='bbox 288 1572 367 1640; x_wconf 72' lang='lat' dir='ltr'>pacis</span> <span class='ocrx_word' id='word_1_90' title='bbox 386 1577 500 1625; x_wconf 80' lang='lat' dir='ltr'>auctore</span> <span class='ocrx_word' id='word_1_91' title='bbox 519 1575 583 1623; x_wconf 81' lang='lat' dir='ltr'>ente</span> <span class='ocrx_word' id='word_1_92' title='bbox 603 1583 645 1638; x_wconf 89' lang='lat' dir='ltr'>ep.</span> <span class='ocrx_word' id='word_1_93' title='bbox 663 1569 691 1621; x_wconf 95' lang='lat' dir='ltr'>II</span> <span class='ocrx_word' id='word_1_94' title='bbox 712 1567 727 1620; x_wconf 95' lang='lat'>1</span> <span class='ocrx_word' id='word_1_95' title='bbox 746 1567 856 1620; x_wconf 82' lang='lat' dir='ltr'>litteras</span> <span class='ocrx_word' id='word_1_96' title='bbox 873 1568 955 1620; x_wconf 83' lang='lat' dir='ltr'>nobis</span> <span class='ocrx_word' id='word_1_97' title='bbox 972 1583 1028 1620; x_wconf 92' lang='lat' dir='ltr'>non</span> <span class='ocrx_word' id='word_1_98' title='bbox 1045 1567 1164 1622; x_wconf 81' lang='lat' dir='ltr'>traditos</span> <span class='ocrx_word' id='word_1_99' title='bbox 1182 1569 1218 1623; x_wconf 84' lang='lat' dir='ltr'>od</span> <span class='ocrx_word' id='word_1_100' title='bbox 1236 1570 1353 1622; x_wconf 87' lang='lat' dir='ltr'>Brutum</span> <span class='ocrx_word' id='word_1_101' title='bbox 1371 1566 1419 1620; x_wconf 89' lang='lat' dir='ltr'>de·</span> 
     </span>
     <span class='ocr_line' id='line_1_13' title="bbox 290 1651 1420 1725; baseline -0.004 -16"><span class='ocrx_word' id='word_1_102' title='bbox 290 1655 365 1709; x_wconf 86' lang='lat' dir='ltr'>disse</span> <span class='ocrx_word' id='word_1_103' title='bbox 384 1657 550 1725; x_wconf 83' lang='lat' dir='ltr'>suspicatur,</span> <span class='ocrx_word' id='word_1_104' title='bbox 568 1652 598 1705; x_wconf 84' lang='lat' dir='ltr'>id</span> <span class='ocrx_word' id='word_1_105' title='bbox 617 1652 697 1705; x_wconf 88' lang='lat' dir='ltr'>nobis</span> <span class='ocrx_word' id='word_1_106' title='bbox 716 1667 748 1705; x_wconf 87' lang='lat' dir='ltr'>eo</span> <span class='ocrx_word' id='word_1_107' title='bbox 772 1652 864 1705; x_wconf 89' lang='lat' dir='ltr'>minus</span> <span class='ocrx_word' id='word_1_108' title='bbox 882 1652 991 1720; x_wconf 80' lang='lat' dir='ltr'>probet,</span> <span class='ocrx_word' id='word_1_109' title='bbox 1013 1652 1087 1718; x_wconf 90' lang='lat' dir='ltr'>quod</span> <span class='ocrx_word' id='word_1_110' title='bbox 1105 1652 1179 1706; x_wconf 84' lang='lat' dir='ltr'>idem</span> <span class='ocrx_word' id='word_1_111' title='bbox 1203 1654 1301 1706; x_wconf 85' lang='lat' dir='ltr'>Cicero</span> <span class='ocrx_word' id='word_1_112' title='bbox 1326 1667 1368 1721; x_wconf 90' lang='lat' dir='ltr'>ep.</span> <span class='ocrx_word' id='word_1_113' title='bbox 1391 1651 1420 1704; x_wconf 94' lang='grc' dir='ltr'>Π</span> 
     </span>
     <span class='ocr_line' id='line_1_14' title="bbox 289 1735 1419 1807; baseline -0.004 -14"><span class='ocrx_word' id='word_1_114' title='bbox 289 1739 306 1792; x_wconf 77' lang='grc'>2</span> <span class='ocrx_word' id='word_1_115' title='bbox 325 1739 435 1793; x_wconf 88' lang='lat' dir='ltr'>demum</span> <span class='ocrx_word' id='word_1_116' title='bbox 457 1739 544 1792; x_wconf 82' lang='lat' dir='ltr'>animi</span> <span class='ocrx_word' id='word_1_117' title='bbox 562 1736 663 1807; x_wconf 83' lang='lat' dir='ltr'>Lepidi</span> <span class='ocrx_word' id='word_1_118' title='bbox 680 1736 750 1789; x_wconf 83' lang='lat' dir='ltr'>levis</span> <span class='ocrx_word' id='word_1_119' title='bbox 770 1740 798 1790; x_wconf 92' lang='lat' dir='ltr'>et</span> <span class='ocrx_word' id='word_1_120' title='bbox 814 1736 1006 1798; x_wconf 78' lang='lat' dir='ltr'>inconstantis,</span> <span class='ocrx_word' id='word_1_121' title='bbox 1025 1750 1088 1788; x_wconf 92' lang='lat' dir='ltr'>cum</span> <span class='ocrx_word' id='word_1_122' title='bbox 1106 1735 1154 1788; x_wconf 90' lang='lat' dir='ltr'>hic</span> <span class='ocrx_word' id='word_1_123' title='bbox 1177 1735 1275 1790; x_wconf 85' lang='lat' dir='ltr'>eodem</span> <span class='ocrx_word' id='word_1_124' title='bbox 1293 1741 1419 1805; x_wconf 86' lang='lat' dir='ltr'>temporo</span> 
     </span>
     <span class='ocr_line' id='line_1_15' title="bbox 288 1819 929 1892; baseline -0.006 -16"><span class='ocrx_word' id='word_1_125' title='bbox 288 1825 368 1892; x_wconf 78' lang='lat' dir='ltr'>pacis</span> <span class='ocrx_word' id='word_1_126' title='bbox 386 1828 486 1877; x_wconf 82' lang='lat' dir='ltr'>auctor</span> <span class='ocrx_word' id='word_1_127' title='bbox 503 1823 651 1886; x_wconf 78' lang='lat' dir='ltr'>exstiterit,</span> <span class='ocrx_word' id='word_1_128' title='bbox 669 1821 837 1875; x_wconf 90' lang='lat' dir='ltr'>mentionem</span> <span class='ocrx_word' id='word_1_129' title='bbox 855 1819 929 1874; x_wconf 78' lang='lat' dir='ltr'>facit.</span> 
     </span>
    </p>
   </div>
   <div class='ocr_carea' id='block_1_5' title="bbox 0 0 1553 4856">
    <p class='ocr_par' dir='ltr' id='par_1_5' title="bbox 0 0 1553 4856">
     <span class='ocr_line' id='line_1_16' title="bbox 0 0 1553 4856; baseline 0 0"><span class='ocrx_word' id='word_1_130' title='bbox 0 0 1553 4856; x_wconf 95' lang='lat' dir='ltr'> </span> 
     </span>
    </p>
   </div>
  </div>
 </body>
</html>
