3082 4856
307 254 348 320 26

265 440 411 506 hortator
433 441 556 523 (pacis).
599 441 642 505 At
664 442 717 522 qui
738 441 861 506 consul!
887 441 913 505 si
934 442 1178 524 prudentiam
1195 442 1384 523 quaerimur,

259 543 320 624 qui
341 543 468 608 minime
489 542 556 607 falli
577 549 698 624 posset;
730 544 756 607 si
778 545 937 622 virtutem,
961 544 1015 624 qui
1041 545 1159 608 nullam
1180 561 1291 626 pacem
1312 562 1387 626 pro·

265 645 365 723 bonet,
388 645 449 709 nisi
470 646 608 709 Antonio
632 647 824 711 concedente
845 650 941 727 atque
961 647 1074 711 vict0“.
1118 647 1199 710 Nam
1223 664 1294 710 cum
1311 664 1386 710 con-

266 748 365 811 sulem
389 764 535 829 „errore
557 752 684 829 captum
711 748 807 827 esse,“
836 749 1004 830 ,leniorem
1031 747 1150 812 factum
1173 747 1314 812 videri“
1338 748 1387 813 di-

267 849 318 929 cit,
341 850 424 914 idem
446 867 575 931 prorsus
597 851 630 914 in
653 851 756 914 animo
779 850 876 921 habet
899 851 983 931 quod
1005 853 1114 914 nostra
1141 849 1285 931 epistola,
1315 869 1386 915 cum

268 953 483 1036 „prudentiam
505 970 539 1016 se
561 954 772 1018 desiderasse“
795 953 914 1018 scribit.
936 990 980 998 —
1000 953 1144 1033 Denique
1161 952 1297 1017 conferri
1312 970 1387 1034 pos-

266 1061 352 1120 sunt:
375 1056 457 1120 Phil.
479 1055 555 1121 XIV
578 1057 648 1122 21-
662 1057 703 1120 22
726 1059 758 1120 et
779 1074 828 1136 ep.
851 1056 892 1120 ad
913 1055 987 1120 fam.
1020 1054 1084 1118 XII
1106 1058 1135 1121 7.
1201 1102 1204 1113 .

367 1158 459 1236 Quod
482 1158 685 1223 celeritate
705 1175 829 1239 quoque
852 1159 996 1224 consules
1017 1176 1129 1239 parum
1150 1175 1225 1222 usos
1247 1157 1383 1222 111101-

266 1279 337 1325 cero
360 1261 480 1340 scribit,
503 1261 635 1324 eandem
656 1277 723 1323 rem
745 1261 823 1324 adeo
846 1277 940 1342 saepe
967 1261 1001 1324 iu
1023 1277 1077 1323 ore
1099 1259 1207 1338 hahet,
1235 1264 1271 1323 ut
1297 1261 1384 1324 locos

266 1363 320 1444 qui
345 1365 479 1428 maxime
506 1362 567 1427 huc
594 1361 754 1445 pertinent
781 1361 858 1426 satis
886 1362 927 1426 sit
948 1379 1157 1441 enumerasse,
1182 1362 1269 1426 cuius
1290 1379 1385 1442 geue-

265 1465 309 1529 ris
336 1465 369 1528 hi
397 1469 484 1528 sunt:
517 1465 599 1528 Phil.
627 1463 677 1528 HI
704 1466 739 1544 23
768 1463 795 1528 V
823 1464 964 1542 26-343
992 1465 1049 1542 533
1078 1464 1124 1529 VI
1152 1465 1186 1544 73
1217 1464 1271 1544 153
1304 1463 1384 1529 VIII

268 1569 322 1646 173
344 1566 391 1630 XI
410 1567 462 1632 25.

367 1670 454 1747 Quae
490 1672 595 1733 autem
633 1669 736 1734 addit:
776 1686 855 1750 „qua
893 1668 1084 1752 (celeritate)
1123 1670 1151 1735 si
1188 1674 1292 1734 essent
1324 1669 1382 1747 usi,

265 1772 476 1852 iampridem
503 1789 570 1836 rem
598 1771 757 1851 pubhcam
784 1772 1083 1850 recuperassemuS,“
1111 1789 1241 1853 prorsus
1275 1788 1384 1835 eorum

264 1878 402 1952 mouent,
436 1893 517 1955 quae
548 1878 689 1938 extrema
715 1873 797 1937 Phil.
830 1873 859 1938 V
887 1873 918 1956 (§
946 1873 1001 1955 53)
1031 1878 1171 1938 exstant:
1206 1873 1384 1956 ,celeritate

265 1980 371 2040 autem
400 1994 478 2057 opus
508 1981 570 2040 cst:
605 1995 667 2058 qua
694 1977 721 2040 si
743 1993 881 2042 essemus
904 1976 963 2056 usi,
986 1975 1113 2055 bellum,
1136 1979 1173 2041 ut
1195 1992 1290 2057 saepe
1312 1975 1378 2039 dixi

266 2078 387 2142 nullum
409 2078 623 2143 haberemus.“
1384 2066 1388 2075 ¹

367 2181 523 2263 Deinceps
545 2181 752 2262 quantumin
773 2198 808 2245 re
830 2180 957 2262 publica
979 2180 1102 2260 singula
1123 2185 1283 2244 momenta
1304 2184 1383 2244 tem·

163 2280 166 2284 ’
265 2300 377 2363 pamm
409 2283 535 2346 valeant
564 2283 698 2346 Brutum
736 2286 852 2359 monet,
890 2282 941 2345 oui
978 2281 1153 2346 sententiae
1192 2282 1384 2348 similhmum

266 2385 442 2464 exemplum
474 2383 583 2447 eadem
622 2383 677 2446 illa
709 2381 738 2446 V
774 2382 855 2446 Phil.
890 2382 1016 2446 exhibet
1048 2382 1108 2446 hoc
1141 2383 1173 2465 (ᾖ
1206 2383 1275 2465 26):
1311 2385 1385 2466 ,mi-

264 2485 357 2549 nimis
377 2485 553 2562 momentis,
575 2488 683 2566 patres
704 2502 834 2563 consor,
857 2485 1010 2548 maximae
1025 2485 1244 2549 inclinationes
1261 2490 1384 2566 tempo·

264 2605 335 2651 rum
357 2585 463 2665 fiunt,“
487 2587 570 2651 inter
593 2605 671 2668 quos
692 2588 779 2651 locos
802 2587 891 2667 quasi
911 2586 1034 2650 medius
1056 2587 1226 2651 intercedit
1246 2587 1298 2650 hic
1320 2589 1384 2670 (De

269 2687 323 2753 fin.
350 2689 379 2754 V
403 2689 471 2771 11):
506 2708 601 2772 „quae
627 2693 732 2754 111111
758 2689 792 2753 11
819 2706 853 2752 11
880 2688 1007 2772 publica
1033 2707 1143 2754 rerum·
1164 2689 1384 2755 inchuationes

266 2795 298 2856 et
318 2797 478 2856 momenta
498 2792 702 2874 tempomm.“
719 2792 752 2874 ¹).
796 2793 884 2870 Quae
904 2793 1048 2874 proxima
1072 2797 1147 2856 sunt
1168 2791 1295 2873 Meyero
1312 2791 1384 2857 rhe-

263 2893 365 2958 torica
398 2899 430 2959 et
461 2895 558 2960 nimia
584 2896 739 2974 videntur,
766 2913 837 2960 mea
863 2911 937 2958 vero
964 2894 1120 2960 sententia
1146 2894 1179 2961 id
1206 2899 1312 2974 agunt,
1347 2898 1385 2958 ut

265 3014 461 3062 communem
488 2998 577 3062 illum
608 2999 713 3063 locum
741 2999 781 3062 ad
810 3015 848 3061 aa
874 3013 954 3077 quae
980 2997 1014 3062 in
1040 3014 1075 3060 re
1102 2995 1230 3077 publica
1250 3014 1286 3060 re
1307 3013 1384 3061 vera

264 3103 336 3164 acta
363 3119 430 3166 esse
458 3102 628 3165 traduntur
654 3101 807 3183 (,Omnia,
836 3117 917 3180 quae
944 3115 1052 3164 severe
1074 3099 1201 3164 decreta
1222 3104 1296 3163 sunt
1322 3099 1383 3164 hoc

264 3203 417 3266 tumultu“
442 3203 515 3284 111.)
539 3203 791 3281 accommodent3
820 3220 892 3265 nam
914 3201 993 3266 haec
1019 3201 1046 3266 si
1073 3201 1159 3266 nulla
1179 3202 1284 3266 medIa
1310 3217 1382 3265 sen-

263 3306 365 3370 tentia
391 3305 579 3386 Interposita
606 3305 648 3368 ad
674 3305 729 3368 illa
755 3310 861 3368 essent
887 3305 995 3368 addita
1026 3322 1107 3385 quae
1137 3305 1170 3368 in
1202 3304 1381 3368 universum

264 3406 304 3470 de
324 3411 502 3488 temporum
523 3407 556 3470 in
577 3424 613 3470 re
634 3406 760 3488 pubhca
776 3406 942 3471 momentis
959 3406 1044 3470 diota
1061 3410 1161 3484 erant,
1178 3406 1245 3470 iure
1262 3405 1382 3488 aliquid

265 3508 505 3573 desideraretur.
545 3508 622 3587 Iam,
645 3513 681 3572 ut
703 3512 784 3586 sunt,
813 3509 973 3589 aptissime
1000 3508 1124 3588 singula
1150 3525 1184 3572 se
1211 3508 1380 3589 excipiunt.

263 3645 304 3658 -
334 3610 413 3677 Cum
438 3611 498 3674 hac
525 3616 630 3675 autem
658 3628 752 3691 quam
779 3610 920 3692 proxImo
946 3608 1189 3691 significavimus
1222 3611 1380 3675 sententia

263 3712 431 3795 Inprimis
459 3712 671 3796 comparanda
697 3717 779 3791 sunt,
809 3731 891 3794 quae
913 3712 1022 3777 Cicero
1049 3712 1130 3777 Phil.
1158 3712 1187 3777 V
1213 3713 1256 3777 30
1286 3712 1378 3777 dicit:

265 3833 343 3898 ,quo
366 3817 416 3880 die
438 3817 573 3898 primum
594 3814 759 3880 convocati
780 3832 887 3880 sumus
907 3850 951 3861 —
971 3814 1030 3879 ieci
1052 3815 1209 3879 sententia
1229 3832 1300 3878 mea
1313 3832 1380 3878 ma-

368 4057 389 4123 1)
407 4053 451 4108 Ad
469 4054 545 4108 locos
562 4060 709 4124 praeterea
726 4051 916 4118 conferendos,
935 4067 1003 4121 quos
1021 4051 1114 4121 plures
1136 4052 1266 4121 Meyerus
1284 4051 1379 4106 attulit

267 4140 297 4208 (l.
315 4157 337 4194 c.
356 4158 382 4210 p.
400 4141 450 4195 168
467 4139 551 4209 adn),
570 4140 635 4195 addi
651 4145 745 4211 potest
761 4139 832 4193 Phil.
850 4139 892 4192 111
910 4138 984 4193 1-a
