3082 4856
263 283 285 346 4

220 485 291 531 rmn
313 465 532 547 Gottingensis
554 466 633 530 duas
660 466 738 547 legit
752 465 788 545 ¹),
816 483 881 529 non
907 467 1009 531 solum
1035 468 1124 532 locos
1150 468 1266 550 quibus
1287 469 1348 534 bae

221 569 375 650 epistolae
407 568 447 632 ab
481 569 632 649 antiquae
663 569 779 633 aetatis
812 568 1021 649 scriptoribus
1061 576 1349 638 commemorantur

220 670 437 752 librorumque
459 670 649 751 scriptorum
671 669 858 734 memoriam
880 688 961 750 quae
982 672 1022 735 de
1043 671 1083 736 iis
1110 677 1215 737 exstat
1239 691 1348 738 excus-

218 772 272 851 sit,
293 772 352 837 sed
374 773 470 836 etiam
493 772 608 850 omnia,
633 789 714 853 quae
736 771 894 836 derebus
921 791 1002 854 quae
1028 773 1078 838 his
1106 774 1248 854 epistolis
1275 793 1349 839 nar·

217 879 333 938 rantur
349 875 383 938 in
399 875 509 955 primis
532 874 715 938 Tunstallus
738 875 922 939 criminatus
943 879 1021 952 erat,
1037 875 1229 940 examinavit
1244 879 1348 956 atque,

222 995 285 1058 qua
307 981 376 1040 erat
398 977 557 1057 exquisita
578 975 724 1039 doctrina
746 975 962 1057 singularique
987 977 1103 1040 mentis
1125 977 1280 1056 acumine,
1302 978 1349 1042 ita

219 1077 346 1157 refellit,
369 1083 406 1142 ut
426 1079 597 1159 pleraeque
620 1077 776 1141 Tunstalli
799 1077 1034 1143 criminationes
1054 1078 1088 1142 in
1110 1097 1203 1144 omne
1224 1084 1349 1160 tempus

221 1181 372 1262 depulsae
394 1179 639 1260 confutataeque
661 1196 731 1244 esse
751 1179 945 1245 viderentur.
980 1180 1072 1258 Quod
1093 1181 1261 1246 latinitatis
1281 1181 1349 1244 vin·

221 1283 311 1347 diciis
333 1281 579 1363 haudquaquam
601 1281 715 1346 effecit.
748 1282 893 1362 Namque
908 1282 960 1345 vix
977 1283 1110 1362 prolatis
1132 1283 1172 1347 iis
1187 1282 1349 1363 Augustus

221 1385 410 1450 Wilhelmus
442 1383 646 1465 Zumptius2)
680 1401 809 1447 causam
842 1383 1018 1462 Anglorum
1050 1385 1170 1465 recepit
1202 1390 1243 1464 et,
1277 1402 1350 1448 cum

220 1489 330 1567 multa,
354 1504 435 1568 quae
458 1487 498 1550 ab
521 1486 705 1550 Hermanno
735 1489 846 1549 contra
872 1484 944 1549 illos
970 1491 1057 1550 recte
1079 1487 1274 1551 existimaret
1296 1487 1350 1550 de-

219 1589 319 1667 fensa,
343 1589 469 1652 silentio
492 1587 724 1668 comprobaret,
747 1586 834 1650 haud
854 1604 957 1667 pauca
978 1590 1086 1650 tamen
1118 1606 1137 1651 a
1158 1587 1349 1652 Marklando

220 1691 290 1754 iure
310 1689 504 1771 reprehensa
525 1706 595 1752 esse
617 1687 781 1752 contendit
802 1692 898 1769 atque
919 1705 1016 1750 unam
1038 1706 1077 1751 ex
1098 1689 1211 1753 harum
1234 1690 1351 1770 episto-

221 1793 325 1856 larum
357 1809 490 1855 numero
523 1808 656 1871 eamque
689 1791 829 1854 omnium
862 1790 1078 1870 longissimam
1111 1790 1142 1872 (Ι
1182 1791 1237 1872 15)
1264 1792 1349 1856 ultro

221 1910 389 1975 aggressus
409 1894 561 1974 pleraque
582 1893 615 1955 in
638 1910 676 1957 ea
698 1897 731 1956 et
753 1891 906 1956 Cicerone
924 1891 1055 1972 indigna
1075 1897 1108 1956 et
1128 1894 1265 1972 tempori
1286 1911 1350 1974 qno

222 1996 340 2077 scripta
370 1999 455 2059 esset
486 2011 600 2076 parum
627 1999 704 2076 apta
735 2012 805 2059 esse
837 1994 1056 2059 demonstrare
1093 1985 1225 2060 studuit.
1270 1994 1351 2059 (lum

220 2117 297 2163 vero
319 2097 521 2163 Hermannus
543 2115 608 2162 non
630 2097 709 2162 adeo
732 2097 826 2162 facile
848 2116 868 2161 a
889 2102 1037 2178 suscepto
1053 2098 1230 2178 patrocinio
1246 2097 1351 2162 deter-

222 2199 383 2282 reretur3)
401 2205 498 2281 atque
519 2199 684 2280 Zumptius
706 2193 834 2280 quoque
854 2200 1015 2264 sententia
1037 2217 1095 2263 sua
1110 2204 1210 2264 staret
1221 2198 1259 2282 ⁴),
1276 2218 1350 2264 con·

221 2305 323 2368 tentio
345 2303 384 2366 iis
407 2308 478 2390 orta
506 2305 555 2364 est
580 2301 681 2364 multo
709 2301 805 2364 etiam
830 2300 1049 2365 uehementior
1076 2319 1171 2380 quam
1199 2319 1237 2366 ea
1269 2320 1351 2383 quae

222 2411 350 2470 centum
383 2404 474 2468 annis
507 2407 582 2467 ante
614 2403 699 2467 inter
731 2403 853 2483 Anglos
881 2403 1006 2483 exarsit,
1030 2420 1067 2467 ac
1093 2422 1134 2468 ne
1165 2405 1349 2470 Hermanno

222 2508 352 2589 quidem
367 2506 508 2586 contigit,
531 2510 568 2569 ut
590 2505 648 2569 has
670 2505 821 2586 epistolas
844 2505 991 2570 omnibus
1005 2505 1168 2571 hominum
1183 2507 1351 2572 doctorum

223 2608 476 2674 dubitationibus
497 2607 658 2671 liberaret.

326 2711 428 2776 Immo
451 2727 570 2787 eorum,
594 2708 648 2789 qui
669 2712 781 2789 postea
801 2707 915 2772 harum
938 2708 1143 2788 epistolarum
1159 2726 1287 2774 causam
1302 2714 1350 2773 at-

223 2815 375 2896 tigerunt,
398 2811 501 2876 maior
522 2828 597 2891 pars
619 2811 652 2874 in
674 2810 850 2890 Anglorum
876 2810 1079 2892 Zumptiique
1099 2812 1257 2876 sententia
1281 2829 1352 2894 per-

223 2917 316 2995 stitit,
339 2916 426 2980 velut
447 2913 619 2994 Nakius5),
647 2911 850 2995 Bardtius⁰)‚
878 2911 1144 2993 Bernhardiusl),
1171 2913 1197 2977 I.
1219 2913 1352 2978 Muelle-

329 3105 352 3172 Ι)
369 3103 427 3156 Zur
444 3098 679 3168 Rechtiertigung
697 3098 748 3152 der
764 3099 915 3152 Aechtheit
932 3099 982 3154 des
1002 3100 1165 3155 erhaltonen
1185 3101 1352 3156 Briefwech·

224 3189 281 3245 sels
299 3188 437 3242 zwisehen
460 3187 558 3240 Cicero
581 3182 639 3237 und
662 3184 699 3236 M.
723 3183 834 3237 Brutus.
877 3184 939 3238 Von
962 3186 1012 3239 D:r
1029 3185 1097 3238 liarl
1115 3183 1264 3240 Friedrich
1281 3187 1353 3239 Her·

225 3289 317 3328 mann.
352 3272 435 3326 Ersta
453 3269 630 3337 Abtheilung
647 3267 811 3336 vergelesen
829 3282 874 3322 am
892 3269 926 3324 16
943 3270 1009 3324 Nos.
1030 3270 1106 3324 1844.
1125 3299 1158 3309 —
1178 3270 1281 3324 Zweite
1296 3270 1353 3324 Ab·

225 3359 354 3426 theilung
365 3349 529 3424 vorgeleseu
547 3368 591 3406 am
608 3353 642 3407 31
661 3353 718 3421 Maj
738 3353 814 3406 1845.
842 3353 966 3422 Utraque
984 3370 1050 3423 pars
1067 3369 1157 3423 separ.
1183 3354 1226 3409 ed.
1244 3356 1353 3409 Gottin-

225 3458 277 3512 gae
295 3443 413 3593 183lam
431 3524 469 3576 M.
488 3522 575 3576 Tullii
593 3522 737 3576 Ciceronis
755 3522 791 3576 ad
808 3524 846 3576 M.
865 3523 981 3577 Brutum
1000 3529 1028 3578 et
1044 3524 1125 3576 Bruti
1138 3523 1173 3576 ad
1190 3524 1354 3579 Ciceronem

225 3612 363 3682 epistolis,
382 3625 453 3678 quae
471 3608 553 3676 vulgo
571 3606 709 3663 seruntur.
745 3607 837 3662 Berol.
856 3609 931 3663 1845.

329 3697 353 3764 ³)
371 3694 564 3750 vindiciarum
582 3693 764 3746 Brutinarum
782 3694 955 3762 epimetrum.
992 3694 1141 3762 Gottingae
1159 3694 1234 3748 1845.

329 3783 354 3850 ⁴)
371 3779 550 3834 Jahrbucher
566 3777 613 3832 illr
631 3778 900 3833 wissenschaftliche
918 3779 1022 3832 Kritilr.
1049 3779 1146 3833 Berlin
1164 3780 1239 3833 1845.
1266 3778 1354 3833 Band.

226 3869 263 3934 H,
280 3884 325 3937 pp.
345 3865 489 3919 tar—751.

328 3951 353 4018 ι)
372 3950 497 4003 Historia
515 3949 613 4003 critica
630 3949 667 4002 M.
686 3950 762 4023 Tulli
780 3949 925 4003 Ciceronis
937 3948 1127 4017 epistularum.
1151 3948 1266 4002 Bonnae
1278 3949 1353 4003 1861.

330 4035 353 4102 ο)
373 4034 555 4101 Quaestiones
573 4033 727 4088 Tullianae.
761 4033 852 4086 Berol.
870 4032 945 4088 1866.

331 4121 354 4187 1)
375 4116 526 4172 Grundriss
546 4116 596 4172 der
607 4117 777 4172 Rbmischen
788 4117 950 4171 Litteratur.
972 4118 1028 4172 {ate
1041 4117 1238 4187 Bearboitung.
1248 4118 1356 4171 Braun-

228 4205 357 4273 acbweig,
375 4203 451 4258 1872.
