3048 4850
310 291 351 356 70

265 487 378 554 autem
404 505 472 556 non
499 485 609 573 video,
637 481 718 572 quid
744 481 819 553 fieri
844 481 968 574 possit;
996 487 1128 554 tantum
1153 485 1243 554 enirn
1268 484 1377 570 abest,

265 607 303 674 ut
328 601 440 675 Pansa
466 605 508 676 de
536 603 689 675 exercitu
721 621 782 673 suo
811 607 870 673 aut
901 601 1036 674 delectu
1066 603 1129 674 tibi
1161 603 1289 692 aliquid
1315 604 1377 674 tri-

265 721 359 810 buat,
393 728 431 793 ut
466 724 568 794 etiam
607 720 749 794 moleste
786 718 875 792 ferat
913 725 982 793 tam
1022 720 1147 793 multos
1185 721 1229 792 ad
1260 728 1294 792 te
1326 723 1377 793 ire

265 839 487 934 voluntarios,
528 831 695 930 quomodo
735 828 891 928 equidem
909 827 1053 933 credo,
1078 840 1168 930 quod
1201 841 1242 912 iis
1274 842 1377 912 rebus

268 978 355 1047 quae
389 960 424 1030 in
450 959 551 1031 Italia
581 958 811 1030 decernuntur
830 957 941 1056 nullas
958 960 1075 1048 copias
1106 960 1206 1032 nimis
1236 981 1378 1050 magnas

265 1097 340 1149 esse
378 1080 581 1168 arbitretur,
630 1078 798 1167 quomodo
844 1083 956 1148 autern
1008 1079 1105 1150 multi
1149 1080 1377 1169 suspicantur,

268 1195 358 1288 qood
383 1217 426 1268 ne
451 1204 485 1268 te
512 1195 774 1287 quidem'nimis
800 1194 935 1266 murum
962 1215 1037 1268 esse
1062 1198 1158 1287 velit,
1195 1198 1285 1287 quod
1311 1219 1377 1289 ego

264 1337 332 1387 non
351 1317 516 1406 suspicor.
572 1318 605 1390 5.
646 1313 744 1403 Quod
771 1313 891 1387 scribis
917 1322 952 1385 te
978 1316 1021 1387 ad
1049 1313 1198 1388 Tertiam
1223 1337 1377 1388 sororem

265 1440 297 1506 el
335 1440 477 1506 matrem
515 1436 705 1524 scripsisse,
745 1442 784 1506 ut
820 1453 864 1504 ne
902 1435 997 1523 prius
1037 1435 1177 1507 ederent
1215 1455 1257 1506 ea
1289 1457 1376 1526 quae

264 1562 363 1645 gesta
395 1575 415 1625 a
447 1552 565 1625 Cassio
599 1560 725 1639 essent,
758 1572 859 1642 quam
891 1553 974 1623 mihi
1005 1555 1115 1624 visum
1141 1559 1242 1644 esset,
1277 1555 1375 1627 video

263 1681 298 1744 te
325 1674 469 1745 veritum
496 1693 570 1744 esse
596 1673 632 1744 id
658 1672 748 1762 quod
774 1672 958 1743 verendum
984 1671 1059 1762 fuit,
1092 1693 1135 1743 ne
1162 1673 1267 1744 animi
1295 1694 1374 1763 par-

264 1792 349 1862 tium
375 1789 544 1878 Caesaris,
577 1791 737 1882 quonlam
762 1791 865 1862 etiam
890 1811 979 1862 nunc
1004 1797 1120 1880 partes
1146 1791 1370 1886 appellantur,

262 1911 482 1983 vehementer
520 1916 823 1982 commoverentur.
883 1907 950 1981 Sed
989 1918 1171 2000 antequam
1209 1917 1286 1983 tuas
1314 1912 1367 1982 lit-

263 2038 356 2102 teras
374 2032 576 2121 accepimus,
599 2031 715 2102 audita
738 2050 794 2101 res
812 2037 887 2101 erat
910 2035 945 2101 et
962 2031 1175 2120 pervulgata,
1203 2033 1254 2102 tui
1273 2032 1369 2103 etiam
1406 2071 1413 2090 ·

261 2150 432 2221 tabellarii
459 2151 503 2222 ad
528 2149 653 2222 multos
684 2147 870 2221 familiares
901 2157 978 2221 tuos
1010 2150 1143 2220 litteras
1175 2149 1372 2235 attulerant;

263 2290 368 2359 quare
395 2289 505 2359 neque
532 2269 774 2359 supprimenda
805 2289 861 2339 res
887 2275 973 2358 erat,
1001 2270 1204 2358 praesertim
1237 2291 1313 2342 cnm
1339 2269 1373 2340 id

261 2387 336 2460 fieri
349 2410 416 2460 non
430 2394 558 2478 posset,
584 2406 705 2477 neque,
722 2388 750 2458 si
764 2393 891 2477 posset,
917 2408 985 2459 non
1002 2388 1242 2477 divulgandam
1260 2389 1374 2478 potius

263 2527 363 2596 quarn
397 2507 630 2579 occultandam
662 2511 871 2595 putaremus.
935 2509 969 2578 6.
1014 2505 1068 2579 De
1101 2505 1265 2579 Cicerone
1298 2527 1375 2579 rneo

262 2634 308 2714 et,
337 2625 365 2697 si
392 2631 523 2720 tantum
550 2625 662 2696 estin
689 2645 729 2696 eo
749 2632 911 2714 quantum
931 2624 1063 2715 scribis,
1093 2630 1226 2697 tantum
1244 2626 1377 2698 scilicet

262 2749 425 2834 quantum
443 2744 550 2818 debeo
568 2745 701 2835 gaudeo
720 2749 764 2834 et,
793 2745 822 2816 si
840 2743 930 2834 quod
948 2763 1041 2815 amas
1059 2764 1148 2834 eum,
1176 2765 1216 2817 eo
1243 2729 1377 2817 maiora

260 2863 356 2954 facis,
397 2866 432 2937 id
463 2865 574 2955 ipsum
606 2863 853 2937 incredibiliter
884 2865 1016 2955 gaudeo
1047 2885 1069 2935 a
1100 2871 1134 2936 te
1161 2885 1238 2936 eum
1264 2864 1375 2955 diligi.

361 3032 413 3102 Ep.
439 3033 457 3085 4
483 3031 626 3090 Wesenb.:
657 3031 739 3100 vulgo
764 3032 828 3086 eet
845 3032 869 3087 6.
897 3061 927 3070 —
954 3031 978 3084 1.
996 3049 1021 3084 a.
1036 3031 1063 3084 d.
1081 3032 1128 3082 ΙΙΙ
1148 3031 1282 3088 Wesenb:
1305 3049 1331 3082 a.
1348 3033 1377 3084 cl

266 3115 307 3168 VI
320 3117 391 3172 Cret.
409 3117 499 3185 uulgo.
529 3145 561 3156 -
588 3115 612 3169 3.
639 3133 668 3168 os
686 3117 733 3167 ils:
751 3133 781 3168 aa
797 3117 837 3168 bia
854 3115 925 3169 Crat.
944 3145 977 3154 -
993 3117 1056 3167 midi
1072 3117 1149 3177 creda
1166 3134 1218 3167 soa
1234 3117 1283 3168 orie
1300 3113 1378 3170 Oret.

261 3201 406 3259 Wesenb:
424 3221 455 3254 m.
473 3221 507 3255 cr.
520 3202 641 3256 ‘'nono.
652 3201 742 3270 vulgo,
756 3201 829 3269 quod
838 3200 974 3259 exciderit
984 3201 1140 3253 tardonem
1150 3201 1195 3256 vel
1206 3201 1380 3255 mundum

261 3287 304 3342 val
331 3287 388 3342 talo
411 3286 518 3356 aliquid
535 3286 694 3356 (Wesenb.)
721 3315 752 3326 —
777 3305 830 3338 noa
846 3288 896 3340 πίε
913 3285 1006 3354 Sigon.
1023 3285 1096 3340 Vict.
1113 3286 1208 3340 hamb.
1226 3285 1377 3342 Wesenb.:

259 3391 311 3424 noa
328 3375 383 3426 m't.
419 3375 457 3425 Id.
476 3373 559 3441 April.
587 3373 658 3427 Cret.
677 3371 766 3441 vulgo.
789 3399 821 3410 -
842 3373 868 3425 4.
893 3371 966 3438 (6,1
987 3371 1089 3440 vulgo).
1115 3374 1284 3442 ousplcosatur,
1306 3375 1381 3439 quod

259 3475 305 3510 oc:
323 3460 391 3526 qood
407 3473 424 3512 a
439 3457 590 3513 mendro
607 3458 746 3512 omissum.
768 3485 801 3496 -
822 3458 847 3512 b.
865 3457 902 3523 (6,
920 3455 957 3525 2).
982 3473 1092 3509 rororm
1107 3463 1131 3510 ot
1146 3466 1249 3510 mabam
1269 3471 1320 3510 nos
1339 3471 1380 3510 ex

261 3543 455 3612 Wesenbergii
474 3543 646 3598 coniectura:
673 3552 697 3596 ot
713 3551 818 3596 marom
834 3541 916 3611 vulgo
933 3541 1076 3598 omittitur.
1102 3569 1135 3582 --
1160 3543 1281 3610 prosim
1297 3542 1380 3594 oriam

260 3647 328 3684 acac
345 3643 395 3684 nos
414 3645 475 3684 eum
487 3629 597 3684 Baitero
617 3643 651 3684 ex
665 3627 762 3683 Orellii
780 3628 953 3684 coniectura:
971 3627 1092 3696 quoowdo
1110 3645 1130 3682 o.
1147 3645 1166 3678 o
1192 3628 1263 3684 Orat
1280 3625 1378 3696 vulgo.

260 3743 294 3753 —
320 3715 343 3769 6.
379 3713 415 3780 (6.
434 3713 472 3782 3).
506 3723 630 3782 pontum
646 3714 732 3767 dabam
754 3732 777 3782 q.
794 3711 861 3766 dabat
878 3713 1034 3768 Ernestiua

367 3956 416 4020 De
426 3953 519 4019 huius
530 3974 654 4040 quoque
665 3956 815 4038 epistolae
827 3960 969 4038 tempore
979 3955 1056 4021 satis
1067 3959 1200 4036 constat,
1223 3954 1376 4038 quoniam

259 4058 292 4122 in
314 4055 414 4140 prima
438 4057 571 4140 epistola
591 4061 658 4143 ipse
679 4059 789 4124 scribit
811 4057 921 4125 Cicero
940 4057 1042 4141 pridie
1056 4058 1133 4124 Idus
1154 4057 1279 4139 Apriles
1300 4075 1375 4124 earn

259 4177 293 4226 se
314 4177 467 4226 exarasse.

1516 3871 1518 3964 l
