3082 4856
1161 291 1201 356 51

131 477 231 558 psisse
252 477 370 542 indicet
391 477 430 542 iis
452 494 533 558 quae
554 477 588 542 in
610 495 659 558 ep.
682 477 723 542 ad
743 478 797 543 Br.
820 477 836 542 Ι
857 479 887 556 5,
910 477 987 542 ide
1003 477 1111 554 Cassio
1129 480 1247 547 scribat

130 597 307 662 repugnare
328 579 559 645 contenderunt
567 579 601 661 ¹).
644 579 744 644 Nobis
768 597 843 644 vero
870 579 904 644 in
930 597 997 645 rem
1017 581 1250 662 inquirentibus

129 681 208 746 nihil
220 681 365 762 occurrit,
388 680 474 761 quod
495 680 599 746 obstet
620 682 788 762 quominus
809 681 963 746 eiusmodi
984 683 1109 749 litterae
1129 703 1151 749 a
1165 685 1246 752 Lan·

128 785 197 849 tulo
225 783 340 849 missae
365 783 475 848 eodem
509 789 663 866 tempore,
696 802 758 865 quo
792 801 845 848 eas
878 801 912 848 ae
944 785 1101 866 accepisse
1133 786 1245 856 Cicero

128 886 259 966 scribat,
282 887 311 950 ei
333 886 474 968 perlatae
491 887 565 951 sint.
598 886 713 950 Exstat
735 886 874 951 eiusdem
888 885 1014 952 Lentuli
1034 889 1169 970 epistola
1190 893 1246 974 (ad

127 990 204 1054 iam.
219 988 284 1052 XII
300 989 352 1069 14)
374 1005 474 1070 paene
489 989 613 1054 duobus
627 987 789 1054 mensibus
803 993 877 1070 post
897 989 979 1053 bane
1001 989 1040 1054 de
1062 1009 1124 1071 qua
1145 995 1252 1074 agitur
1355 1032 1358 1042 ·

127 1093 169 1158 ad
207 1090 389 1156 Ciceronem
422 1090 506 1169 data,
540 1091 627 1156 cuius
659 1092 761 1172 prima
792 1093 890 1157 verba
921 1093 1001 1158 baec
1032 1100 1119 1160 sunt:
1153 1094 1250 1178 „Cum

126 1195 263 1259 Brutum
284 1198 427 1258 nostrum
449 1193 664 1258 convenissem
686 1210 821 1274 eumque
846 1195 968 1258 tardius
989 1195 1023 1260 in
1044 1196 1153 1262 Asiam
1173 1217 1251 1264 ven-

126 1304 236 1362 turum
258 1296 552 1374 animadverterem,
574 1296 607 1360 in
629 1296 737 1361 Asiam
763 1296 852 1376 redii,
879 1301 916 1360 ut
941 1298 1089 1379 reliquias
1115 1301 1177 1366 mei
1203 1303 1249 1367 la·

126 1400 216 1464 boris
228 1399 404 1480 colligerem
421 1402 453 1464 et
468 1398 634 1480 pecuniam
652 1417 746 1480 quam
761 1399 897 1479 primum
912 1399 1046 1465 Romam
1062 1402 1246 1470 mittercm“.

128 1501 279 1584 Quisquis
300 1501 378 1567 baec
396 1501 519 1582 integro
542 1501 647 1566 auimo
667 1519 707 1566 ac
728 1500 828 1566 libero
843 1502 965 1584 legerit,
986 1502 1033 1568 ita
1046 1504 1165 1586 scripta
1179 1525 1248 1572 esse

129 1605 290 1682 concedet,
312 1608 349 1668 ut
369 1621 496 1670 necesse
522 1604 564 1669 sit
589 1604 617 1668 is
639 1603 681 1668 ad
709 1622 801 1684 quem
823 1605 941 1687 scripta
968 1605 1031 1672 sint
1059 1613 1246 1674 conventum

128 1707 218 1772 illum
247 1711 302 1772 aut
323 1705 488 1771 consilium
515 1707 627 1772 saltem
661 1707 867 1772 conveniendi
899 1709 1058 1789 cognitum
1089 1708 1245 1777 babuerit.
1274 1711 1276 1717 ’

131 1810 222 1889 Quod
243 1814 349 1876 autem
371 1809 518 1890 Meyerua
543 1809 589 1874 ita
615 1808 693 1875 baec
720 1809 861 1890 intellegi
887 1811 964 1889 vult,
997 1816 1034 1876 ut
1060 1813 1147 1878 dicat
1167 1814 1248 1880 Len-

131 1914 235 1997 tulum
256 1915 425 1994 propterea
448 1916 541 1976 tanta
567 1911 608 1976 de
633 1912 736 1976 Bruto
761 1929 853 1976 usum
884 1929 953 1976 esse
969 1913 1134 1995 brevitate,
1164 1918 1248 1996 quod

133 2015 252 2080 litteras
274 2031 348 2078 suas
368 2013 511 2095 publicas
533 2014 644 2078 eodem
667 2013 717 2078 die
739 2014 872 2094 scriptas
887 2015 1140 2098 mentionemque
1155 2018 1247 2082 Bruti

138 2116 180 2180 ibi
198 2114 337 2198 pluribus
363 2114 469 2180 verbis
501 2113 617 2180 iactam
648 2115 848 2196 respexisset,
880 2116 1008 2182 minime
1040 2119 1069 2182 ei
1100 2121 1247 2185 assentiri

141 2234 267 2299 possum.
310 2217 420 2298 Neque
453 2217 536 2282 enim
568 2235 625 2298 per
657 2236 691 2284 se
717 2217 882 2300 probabile
909 2225 957 2284 est
983 2220 1161 2301 Lentulum,
1192 2223 1246 2304 qui

137 2320 198 2402 ipse
230 2337 354 2402 quoque
381 2319 486 2384 caedis
514 2317 657 2384 Caesaris
691 2320 849 2403 particeps
881 2320 1002 2400 luisset,
1035 2322 1075 2388 de
1107 2323 1246 2390 consiliis

133 2441 198 2488 cum
220 2423 320 2488 Bruto
343 2423 579 2488 communicatis
606 2423 647 2488 ad
675 2422 858 2490 Ciceronem
882 2424 1072 2490 scribentem
1098 2427 1182 2494 bunc
1203 2428 1245 2492 ad

129 2525 268 2607 publicas
291 2525 444 2606 quasdam
475 2525 598 2590 litteras
619 2525 775 2592 reiecisse.
819 2527 863 2591 Et
889 2545 969 2608 quae
995 2528 1027 2591 in
1048 2528 1156 2594 alteris
1177 2530 1247 2596 eius

128 2628 241 2694 litterm
269 2628 308 2692 de
335 2628 395 2692 bac
421 2644 455 2691 re
484 2631 608 2693 exstant
635 2633 667 2693 et
694 2629 763 2710 ipsa
787 2647 944 2711 perpauca
971 2635 1044 2696 sunt
1065 2636 1098 2696 et
1119 2650 1191 2696 eum
1212 2633 1245 2696 in

124 2731 254 2796 modum
276 2729 405 2811 scripta,
427 2734 464 2794 ut
476 2727 619 2794 Ciceroni
639 2747 752 2812 parum
766 2731 993 2797 satisfacerent.
1025 2733 1094 2798 Iam
1115 2735 1143 2799 si
1164 2733 1246 2798 Len·

124 2834 189 2898 tulo
225 2833 259 2897 in
290 2832 349 2897 hac
380 2851 416 2897 re
448 2832 526 2897 satis
562 2831 664 2897 visum
699 2832 902 2898 iudicarimus
934 2833 1110 2900 litterarum
1142 2836 1245 2918 publi·

123 2953 235 3001 carum
267 2935 424 3001 rationem
457 2933 615 3013 habuisse,
649 2952 704 2998 cur
729 2933 911 3016 putabimus
938 2953 1009 3000 eum
1036 2936 1076 3001 de
1100 2937 1243 3019 Rhodiis,

122 3040 175 3120 qui
214 3036 356 3103 Ciceroni
394 3037 493 3102 multo
527 3054 603 3102 sane
630 3037 733 3102 minus
766 3054 860 3102 curae
892 3043 1006 3118 essent,
1039 3038 1099 3104 boc
1125 3040 1243 3107 diserte

84 3161 89 3182 ·
119 3140 285 3206 monuisse
307 3141 339 3224 (ξ
361 3140 413 3224 3);
447 3139 589 3224 ,Rhodii
619 3157 678 3205 nos
700 3144 731 3204 et
752 3157 819 3205 rem
845 3139 1003 3222 publicam
1029 3159 1123 3223 quam
1148 3143 1243 3210 valde

121 3243 371 3327 desperaverint,
393 3260 431 3307 ex
452 3243 567 3307 litteris
590 3259 667 3324 quas
688 3241 812 3323 publice
834 3243 905 3306 misi
920 3245 1126 3324 cognosces?“
1159 3244 1243 3310 Con·

120 3352 311 3414 sentaneum
333 3351 402 3412 erat
423 3364 495 3410 cum
516 3345 549 3408 in
570 3344 679 3424 primis
701 3343 845 3410 Ciceroni
871 3345 955 3410 illius
976 3363 1101 3428 quoque
1121 3347 1244 3414 itineris

119 3451 281 3515 rationem
302 3447 443 3526 reddere,
467 3463 528 3528 quo
551 3463 585 3510 se
606 3449 740 3528 patrono
766 3446 888 3512 Romae
914 3465 1005 3512 usum
1032 3466 1101 3514 esse
1132 3449 1243 3516 eadem

120 3551 261 3634 epistola
282 3551 358 3616 satis
379 3549 481 3615 docet.
537 3547 642 3626 Quare
667 3553 754 3613 recte
775 3549 852 3613 mihi
872 3550 1072 3616 Hermaunus
1093 3553 1243 3618 statuisse

118 3656 252 3720 videtur
272 3671 345 3718 eum
366 3653 429 3717 iam
452 3657 526 3719 ante
548 3651 732 3716 Ciceronem
753 3651 792 3716 de
813 3652 927 3718 itinere
947 3653 1001 3718 illo
1034 3654 1147 3720 litteris
1174 3673 1242 3721 cer-

117 3759 240 3823 tiorem
260 3754 381 3820 fecisse.

229 4014 252 4081 ¹)
269 4011 510 4082 Reprehensiones
522 4010 588 4065 illas
597 4011 773 4066 Hermanuus
783 4010 894 4080 quidem
906 4013 974 4067 satis
985 4011 1121 4068 refutasse
1130 4013 1242 4070 videtur

119 4101 197 4167 (Zur
214 4097 320 4153 Rechts.
339 4098 367 4152 11
384 4114 410 4168 p.
428 4097 461 4151 17
480 4098 564 4166 sqq.);
587 4097 636 4152 sed
655 4113 717 4152 cum
735 4112 752 4151 a
768 4097 881 4166 Meyero
901 4096 1108 4167 redintegratae
1131 4105 1241 4156 auctae-

120 4200 178 4254 que
197 4185 260 4250 rint
279 4189 337 4238 tota
348 4197 403 4250 res,
423 4184 546 4252 quamvis
560 4198 612 4253 per
626 4199 656 4238 se
672 4185 773 4254 exigua
785 4184 830 4248 sit,
845 4183 1002 4238 accuratius
1016 4184 1239 4254 explicandacst
