3048 4850
1176 257 1217 323 63

141 443 322 527 dismepant
345 463 382 510 ao
404 445 464 510 sibi
485 450 672 527 repugnant,
694 449 731 510 ut
747 444 931 510 Ciceronem
954 463 993 510 er
1010 444 1102 510 Bruti
1124 445 1256 528 epistola

140 546 385 629 haudquaquam
422 547 507 612 idem
544 565 581 612 ac
617 565 676 612 nos
708 546 898 612 intellexisse
932 546 1174 612 existimandum
1206 545 1257 610 sit.

142 649 245 728 Quam
277 649 317 715 ob
350 667 418 715 rem
449 650 501 715 bio
533 650 620 715 locus
649 649 754 730 aliquo
780 648 966 716 difficultate
986 649 1111 715 laboret
1131 665 1260 714 necesse

9 799 10 810 ,
142 758 200 816 est.
233 752 439 818 Desideratur
460 753 543 818 enim
565 752 694 834 ahquid,
717 752 802 834 quod
822 752 940 817 indicet
961 753 1095 817 Brutum
1117 767 1258 832 sperasse

9 873 10 934 3
138 853 219 932 fore,
251 858 288 918 ut
327 854 433 919 Pansa
461 854 626 936 probante,
669 854 735 920 sive
769 853 903 933 conscio,
948 853 1012 918 sive
1044 853 1139 918 ctiam
1171 852 1259 916 adiu-

9 997 10 1000 =
139 960 237 1020 vante
258 957 510 1038 supplementum
532 956 593 1021 sibi
613 957 801 1036 mitteretur,
831 956 918 1020 cuius
944 957 1067 1036 generis
1089 973 1159 1020 cum
1181 955 1259 1022 nihil

140 1059 322 1136 occurrerit,
356 1076 418 1140 quo
446 1061 497 1125 vel
523 1061 618 1141 paulo
645 1059 766 1124 leniore
791 1077 887 1124 manu
919 1059 1062 1124 adhibito
1088 1058 1140 1122 bic
1170 1059 1258 1123 locus

140 1160 302 1226 emendari
323 1162 432 1242 possit,
460 1161 559 1227 verba
584 1162 677 1227 Bnrti
702 1165 739 1225 ιιι
766 1166 896 1226 exarata
922 1167 996 1226 sunt
1020 1162 1067 1226 ita
1093 1160 1258 1226 scribenda

138 1281 208 1328 esse
230 1263 403 1342 statuerim,
426 1264 482 1328 sed
498 1264 591 1330 aliter
605 1267 701 1346 atque
722 1263 825 1329 adhuc
848 1281 916 1330 esse
935 1263 1130 1346 explicando.
1162 1261 1267 1328 Vide-¹

137 1370 193 1430 tur
217 1365 302 1430 enim
329 1366 486 1447 partIcula
519 1377 600 1447 qnae
632 1371 681 1432 est
714 1366 896 1448 „adversus“
930 1367 964 1431 in
995 1366 1081 1447 vulgi
1113 1381 1257 1430 sermone

137 1469 251 1533 cadem
272 1468 396 1533 ratione
416 1471 570 1551 usurpata
590 1485 668 1549 esse,
703 1472 798 1550 atque
819 1469 994 1548 elegantius
1018 1467 1134 1551 ,apud¹‘
1158 1467 1196 1532 de
1217 1466 1256 1532 iis

135 1570 269 1654 ponitur
301 1569 341 1633 ad
373 1587 452 1650 quos
484 1569 605 1650 aliquid
634 1570 799 1649 referamur,
831 1589 895 1653 qua
926 1572 966 1637 de
997 1590 1032 1636 re
1064 1571 1098 1634 in
1114 1569 1257 1634 oratione

134 1672 233 1738 huius
259 1671 412 1753 epistolae
438 1674 605 1738 tractanda
638 1691 794 1754 agemus.
835 1674 904 1752 Qua
938 1672 1164 1755 significatione
1196 1672 1257 1738 hoc

134 1776 209 1840 loco
231 1778 368 1856 recepta,
385 1775 432 1840 ita
447 1779 484 1838 ut
506 1779 644 1858 ,secreto
666 1776 797 1841 consiho
819 1775 904 1858 apud
925 1775 1077 1840 Pansem“
1099 1775 1149 1840 vel
1171 1793 1212 1857 ,a
1229 1791 1256 1839 c.

135 1895 210 1941 cum
232 1875 337 1941 Pansa
358 1877 604 1942 communicato“
637 1878 723 1943 dicat
754 1878 880 1956 Brutus,
913 1879 977 1942 iam
1003 1878 1081 1942 nihil
1102 1883 1151 1942 est
1172 1877 1256 1959 quod

107 2029 111 2036 .
136 1978 344 2044 offendamus.
387 1979 464 2058 eris
475 1979 558 2046 enirn
569 1979 703 2059 dubitat,
715 1979 792 2061 quin
808 1981 929 2045 consuli
943 1981 1109 2061 imperium
1125 1979 1256 2044 habenti

134 2082 198 2146 illis
232 2081 416 2162 praesertim
447 2082 641 2163 temporibus
673 2099 729 2146 suo
762 2082 887 2148 licuerit
913 2081 1043 2146 consilio
1069 2085 1102 2146 et
1129 2081 1252 2162 privato

137 2189 261 2265 partem
283 2184 439 2264 quandam
461 2184 615 2250 exercitus
637 2184 686 2248 sui
706 2184 768 2250 alio
791 2185 957 2266 ablegare?

239 2286 351 2352 Iamsi
371 2291 511 2352 nostram
523 2287 681 2369 sequimur
693 2287 914 2367 coniecturam,
936 2287 981 2351 sic
996 2285 1106 2350 scribit
1126 2286 1252 2363 Brutus,

135 2407 199 2472 quo
226 2389 327 2470 magis
353 2389 488 2471 pecunia
513 2389 574 2454 sibi
605 2389 781 2480 necessaria
813 2389 863 2468 sit,
897 2405 934 2453 eo
958 2388 1059 2469 magis
1087 2405 1121 2454 se
1146 2387 1253 2452 dolere

137 2492 246 2556 Asiam
269 2509 336 2557 esse
358 2491 513 2570 amissam,
537 2509 632 2574 quam
654 2493 699 2556 sic
718 2491 827 2556 vexari
847 2511 867 2555 a
888 2490 1055 2556 Dolabella
1077 2490 1194 2569 audiat,
1216 2493 1253 2553 ut

139 2594 205 2658 iam
224 2611 286 2658 non
306 2593 451 2658 videatur
472 2593 721 2658 crudelissimum
743 2595 810 2658 eius
831 2593 952 2659 facinus
978 2593 1154 2658 interfectio
1176 2594 1252 2658 Tre-

137 2695 233 2760 bonii.
277 2697 365 2775 Quae
397 2696 489 2786 Bruti
521 2697 716 2776 querimonia
743 2713 780 2760 eo
806 2695 921 2760 iustior
946 2695 1081 2775 videtur,
1114 2696 1198 2777 quod
1219 2701 1251 2761 et

135 2800 236 2865 Bruto
264 2805 296 2864 et
323 2798 433 2890 Cassio
460 2798 623 2880 pecuniam
657 2817 695 2862 ex
720 2797 797 2862 Asia
828 2798 988 2880 provincia
1020 2797 1252 2880 suppeditatum

134 2919 205 2967 esse
227 2896 393 2982 constat¹),
416 2900 449 2964 id
472 2891 557 2982 quod
583 2900 658 2964 Asia
673 2918 693 2963 a
707 2899 875 2964 Dolabella
896 2899 1020 2982 direpta
1034 2899 1067 2962 in
1089 2904 1250 2983 posterum

132 3005 255 3088 pariter
282 3001 351 3069 fieri
377 3021 442 3069 non
467 3007 603 3085 poterat.
658 3001 895 3068 Crudelissimas
928 3006 1034 3068 autem
1066 3002 1251 3070 Dolabellae

131 3107 318 3172 vexationes
328 3105 427 3172 fuisse
437 3107 533 3171 etiam
543 3105 619 3170 ahbi
629 3106 781 3171 traditum
793 3105 885 3186 estu,
908 3109 1003 3185 atque
1022 3105 1061 3168 de
1076 3105 1171 3170 rebus
1186 3105 1249 3170 illis

131 3209 284 3274 Asiaticis
304 3209 371 3274 sine
393 3208 489 3274 dubio
511 3207 662 3273 Lentulus
678 3207 762 3272 idem
780 3208 819 3273 de
841 3223 903 3288 quo
926 3211 1000 3271 ante
1022 3206 1250 3289 disputavimus

131 3313 271 3377 maxime
306 3311 368 3376 fuit
404 3312 536 3377 idoneus
573 3310 628 3393 qui
665 3311 798 3376 Brutum
837 3309 1073 3390 diligentissime
1110 3309 1248 3374 doceret.

131 3415 279 3495 Denique
292 3414 375 3479 hanc
396 3413 442 3478 rei
457 3413 657 3494 pecuniariae
674 3413 890 3495 quaestionem
905 3411 1023 3477 Brutus
1044 3412 1089 3477 sio
1104 3411 1249 3490 absolvit,

129 3522 169 3582 nt
190 3515 288 3581 addat
309 3515 455 3580 Veterem
476 3513 681 3597 Antistium³)
715 3533 749 3580 se
770 3519 876 3580 tamen
898 3515 1030 3598 pecunia
1059 3514 1248 3594 sublevasse,

129 3625 295 3700 tamquam
305 3621 342 3681 ut
351 3622 385 3683 et
394 3617 578 3684 Ciceronem
589 3623 621 3682 et
631 3635 665 3683 se
677 3618 865 3698 consoletur,
888 3617 1011 3682 etiamsi
1033 3617 1086 3683 ille
1107 3617 1181 3682 huic
1202 3617 1249 3681 rei

130 3741 337 3754 ..ι--ι-ι-

236 3789 258 3854 1)
284 3787 331 3842 Otr
348 3788 409 3842 Dio.
429 3787 503 3842 Gaas.
522 3787 622 3841 XLVII
639 3787 681 3852 11,
699 3787 741 3842 26.

234 3875 259 3940 ²)
284 3873 355 3926 Phil.
374 3873 414 3926 XI
432 3875 455 3928 6.

235 3958 258 4024 ³)
284 3959 326 4013 De
354 3959 456 4014 Vetere
479 3957 519 4011 cir
548 3973 608 4026 epp.
637 3955 672 4011 acl
698 3957 744 4010 Br.
767 3955 822 4023 19,
841 3957 882 4023 11,
904 3958 945 4010 12.
963 3986 996 3996 -
1017 3956 1087 4011 Plut.
1110 3957 1185 4011 Brut.
1204 3955 1247 4012 25.

130 4073 160 4085 -
174 4043 325 4099 Hermann.
344 4044 402 4097 Zur
411 4041 520 4099 Rechts.
536 4043 563 4096 11
572 4059 598 4111 p.
609 4043 642 4097 65
651 4058 690 4112 sq.
705 4071 738 4084 -
753 4043 846 4098 cobet
857 4042 875 4098 l.
885 4058 907 4096 o.
917 4059 943 4112 p.
960 4043 1011 4098 236
1025 4071 1058 4082 -
1073 4043 1177 4114 Meyer.
1190 4045 1207 4098 l.
1223 4060 1246 4099 c.

127 4147 157 4201 p.
177 4129 211 4183 70
229 4143 286 4197 sqq.
