3082 4856
255 261 296 324 12

210 468 279 528 tum
300 466 337 525 ut
357 461 391 525 id
412 465 522 525 nostro
543 460 612 525 iure
635 461 826 526 contendere
851 461 1025 541 videamur,
1049 462 1143 526 certis
1165 462 1229 527 iam
1251 465 1342 529 testi-

210 564 325 628 moniis
357 563 553 658 adducimur.
595 563 677 627 Nam
708 563 845 645 primum
870 564 905 628 in
931 564 970 628 iis
998 563 1159 628 Ciceronis
1187 565 1340 646 epistolis,

211 683 293 746 quae
315 682 352 728 eo
369 681 477 728 mense
500 665 594 729 datae
616 668 752 743 exstant,
774 665 816 730 ad
837 665 913 730 fam.
934 665 1016 730 X18
1040 670 1072 729 et
1093 665 1157 729 XII
1178 668 1230 746 24,
1252 668 1342 732 nulla

211 766 339 831 omnino
361 763 398 829 fit
419 765 512 829 Bruti
533 767 663 831 mentIo.
694 765 746 830 ‘In
767 784 829 847 quo
853 767 881 830 si
902 767 971 848 quis
993 773 1163 850 propterea
1184 787 1249 833 non
1263 770 1342 834 satis

209 868 384 933 testimonii
404 868 508 932 inesse
529 868 764 947 existimaverit,
788 869 862 948 qma
887 887 953 933 non
979 870 1086 950 plures
1108 870 1223 948 adsint,
1247 873 1342 951 qualo

134 1029 136 1034 .
210 973 431 1049 argumentum
452 970 494 1033 sIt
515 969 609 1034 hunius
631 987 712 1050 quae
734 970 776 1034 ad
796 971 836 1034 D.
859 970 995 1034 Brutum
1017 976 1066 1035 est
1094 971 1170 1035 data
1197 972 1343 1038 consido-

209 1075 269 1136 ret.
312 1072 393 1136 Eam
414 1075 470 1134 aut
492 1076 626 1136 exeunte
647 1089 756 1136 mense
777 1071 927 1136 Ianuario
951 1077 1006 1137 aut
1020 1073 1150 1137 ineunte
1164 1073 1342 1138 Februario

210 1173 318 1237 datam
340 1190 410 1236 esse
432 1173 534 1252 exiis,
552 1173 683 1254 quaein
707 1175 777 1255 ipsa
793 1174 929 1255 epIstola
946 1175 986 1238 de
1003 1175 1239 1255 exspectatione
1255 1177 1342 1256 loga-

209 1280 315 1340 torum
332 1276 374 1339 ad
384 1275 560 1340 Antonium
576 1276 615 1340 de
631 1294 711 1357 pace
721 1277 890 1340 missorum
908 1281 983 1340 sunt
993 1277 1121 1358 scripta,
1134 1282 1167 1340 et
1177 1277 1300 1342 Nakius
1315 1278 1339 1360 ¹)

210 1381 243 1442 et
260 1377 453 1442 Schmidtius
464 1376 492 1460 2)
509 1383 596 1442 recte
614 1383 805 1446 statuerunt.
832 1379 940 1442 Prima
956 1383 1064 1444 autom
1080 1380 1216 1462 epistola
1228 1379 1340 1445 Cicero

208 1479 288 1543 haec
309 1479 434 1543 scribit:
458 1479 527 1558 „Eo
550 1484 694 1562 tempore
715 1480 807 1544 Polla
834 1485 894 1546 tua
911 1481 1007 1560 misit,
1029 1485 1066 1544 ut
1088 1480 1129 1545 ad
1150 1487 1192 1560 tc,
1216 1482 1243 1545 si
1264 1481 1344 1562 quid.

208 1581 332 1660 vollem,
355 1582 465 1646 darem
485 1582 672 1660 litterarum,
696 1600 768 1646 cum
790 1582 867 1662 quid
888 1582 1059 1647 scriberem
1074 1601 1138 1647 non
1153 1583 1340 1649 habebam‘.

208 1683 317 1762 Atque
346 1683 406 1747 etsi
434 1683 545 1747 eadem
573 1683 708 1764 epistola
735 1701 774 1747 ea
801 1683 902 1762 affert,
927 1703 1008 1764 quae
1035 1685 1077 1748 ad
1103 1686 1228 1750 Decimi
1248 1685 1340 1750 Bruti

210 1783 350 1848 animum
378 1782 627 1849 confirmandum
653 1784 843 1866 pertineant,
868 1785 908 1849 de
929 1786 1039 1851 Marco
1066 1788 1160 1868 plane
1187 1787 1267 1852 nihil
1292 1793 1344 1854 est

210 1885 339 1950 dictum.
371 1886 470 1967 Atqui
491 1886 519 1949 si
541 1891 615 1950 ante
641 1887 675 1950 id
696 1891 821 1966 tempus
845 1886 956 1952 Cicero
979 1889 1119 1953 novisset
1140 1890 1183 1954 M.
1205 1889 1341 1954 Brutum

211 1985 346 2052 Graecia
368 1988 557 2053 Macedonia
578 1988 705 2069 Illyrico
728 1989 866 2070 potitum
888 2006 966 2068 esse,
984 2007 1140 2070 magnum
1165 1990 1227 2054 sibi
1252 2009 1343 2055 exer·

210 2088 308 2152 citum
330 2093 363 2153 et
384 2087 510 2154 firmum
531 2089 696 2171 inopinato
719 2091 890 2171 paravisse,
914 2090 949 2155 Ο.
967 2091 1143 2157 Antonium
1159 2093 1222 2157 iam
1238 2111 1343 2174 paene

208 2191 366 2256 inclusum
387 2191 516 2270 habere,
540 2210 621 2272 quac
643 2192 750 2256 omnia
771 2194 916 2273 proximo
931 2211 1014 2258 anno
1031 2199 1168 2259 exeunte
1182 2200 1252 2259 erat
1266 2213 1341 2260 con-

83 2312 84 2316 *
210 2297 353 2357 secutus:
376 2293 456 2357 haec
478 2293 505 2356 si
528 2293 655 2372 cognita
675 2292 840 2357 habuisset
867 2294 988 2374 Cicero,
1016 2314 1092 2360 num
1114 2295 1342 2376 dubitabimus,

210 2395 287 2475 quin
313 2394 354 2456 iis
381 2395 635 2459 commemoratis
662 2396 702 2460 D.
730 2396 865 2460 Brutum
892 2415 964 2461 cum
991 2398 1036 2461 Μ.
1059 2398 1199 2463 Antonio
1221 2399 1343 2463 bellum

210 2499 373 2576 gerentem
394 2494 490 2565 fuerit
512 2496 727 2560 excitaturus?
759 2498 803 2562 At
825 2503 912 2563 certe
934 2499 1036 2564 omnis
1057 2499 1149 2564 nobis
1171 2502 1265 2582 plane
1279 2501 1343 2566 tol·

210 2599 295 2662 letur
322 2597 489 2677 dubitatio,
522 2599 719 2680 acceperitne
747 2599 858 2665 Cicero
884 2601 946 2664 hoc
973 2601 1013 2665 de
1040 2620 1102 2682 quo
1130 2603 1235 2683 agitur
1260 2608 1343 2668 tem·

211 2717 288 2783 poro
311 2719 330 2763 a
352 2701 395 2764 M.
421 2701 521 2765 Bruto
548 2701 681 2780 litteras
709 2703 737 2766 si
763 2703 930 2783 epistolam
958 2705 1118 2784 quandam
1145 2725 1165 2768 a
1188 2705 1343 2770 citerone

211 2801 253 2864 ad
275 2801 420 2866 Cassium
441 2803 570 2868 missam
593 2803 682 2887 (fam.
704 2804 767 2868 XII
787 2804 822 2886 4)
843 2805 1084 2887 inspexerimus.
1111 2807 1180 2871 Hac
1195 2809 1339 2888 epistola,

211 2923 306 2986 quam
338 2905 467 2970 ineunte
499 2923 607 2971 mense
633 2905 809 2971 Februario
838 2908 881 2990 (a.
909 2909 939 2972 d.
968 2907 1014 2970 IV
1040 2909 1124 2973 Non.
1157 2909 1251 2973 Febr.
1285 2913 1342 2974 aut

210 3007 414 3089 paulopost)
437 3009 588 3090 scriptam
612 3026 681 3073 esse
708 3009 902 3074 Schmidtius
930 3010 965 3093 (I.
988 3028 1014 3075 c.
1044 3029 1075 3091 p.
1097 3013 1140 3076 23
1162 3012 1244 3094 sqq.)
1267 3030 1345 3093 pro·

209 3109 307 3187 bavit,
342 3108 451 3174 Cicero
484 3115 653 3191 postquam
684 3111 722 3174 do
756 3109 876 3188 Cassio,
910 3111 987 3190 quid
1014 3117 1131 3192 ageret,
1160 3117 1256 3193 atque
1284 3112 1342 3184 ubi

210 3216 303 3290 esset,
325 3216 549 3292 praeterquam
571 3212 657 3293 quod
677 3211 763 3275 fama
790 3211 977 3293 nuntiasset,
1005 3231 1039 3278 ee
1060 3214 1182 3278 nescire
1204 3215 1340 3296 scripsit,

210 3313 256 3376 sic
277 3314 395 3394 pergit:
424 3314 481 3395 „de
501 3313 612 3391 Bruto,
641 3332 703 3394 quo
730 3313 861 3395 propius
888 3318 945 3394 est,
970 3333 1007 3387 eo
1029 3314 1171 3381 firmiora
1192 3317 1343 3382 videntur

211 3431 290 3492 esse,
314 3432 395 3495 qnae
416 3415 630 3494 nuntiantur“,
654 3420 686 3480 et
707 3415 803 3497 paulo
825 3421 912 3497 post:
937 3435 1077 3499 ,summa
1097 3420 1167 3483 laus
1189 3423 1221 3483 et
1235 3424 1293 3482 tua
1307 3423 1346 3484 et
1374 3417 1383 3442 ⁵

210 3517 303 3580 Bruti
325 3521 383 3595 est,
406 3517 492 3597 quod
514 3517 686 3581 exercitum
707 3522 835 3599 praetor
857 3536 945 3600 spem
960 3519 1240 3584 existimamini
1256 3537 1342 3584 com·

210 3636 349 3700 parasse.
394 3618 573 3684 scriberem
605 3620 706 3700 plura,
740 3621 772 3684 si
803 3639 881 3686 rem
915 3639 1144 3702 causamque
1176 3639 1341 3702 nossem,

313 3962 335 4029 ¹)
354 3960 551 4016 Briefwechscl
574 3963 710 4018 zwischen
730 3964 827 4017 Cicero
846 3979 873 4017 u.
892 3963 925 4016 D.
944 3963 1047 4016 Brutus
1064 3979 1119 4017 von
1137 3964 1233 4018 Brnno
1251 3963 1339 4017 Nake.

209 4046 394 4101 Fleckeisens
412 4047 507 4101 Jahrb.
527 4048 620 4118 Suppl.
638 4049 669 4102 B.
687 4049 754 4103 VIII
771 4065 816 4118 pp.
835 4048 979 4103 694-700.

312 4133 336 4200 ²)
354 4133 396 4188 Dc
414 4133 552 4203 Epistulis
571 4139 599 4189 et
616 4149 633 4188 a
651 4135 745 4189 Cassio
764 4134 845 4189 etad
864 4134 990 4188 Cassium
1009 4133 1089 4200 datis,
1107 4149 1133 4202 p.
1152 4134 1193 4198 24,
1213 4133 1275 4187 adn.
1293 4133 1318 4186 2.
