3048 4850
1178 269 1219 332 93

149 456 188 520 ad
222 456 399 536 proximum
425 461 498 537 post
521 455 685 520 Caesarem
709 457 845 519 ocenum
867 461 991 536 tempus
1012 473 1195 537 progressus
1218 457 1262 520 sie

147 559 259 639 pergIt,
292 565 328 622 ut
361 559 446 622 dicat
473 577 509 622 co
532 565 673 638 tempore
697 558 827 622 Brutum
853 559 958 622 omnia
980 560 1020 623 ad
1041 577 1159 640 pacem,
1174 573 1263 640 *quae

147 665 254 724 tamen
276 660 420 725 oratIone
443 659 553 725 confici
573 679 637 724 non
658 665 774 740 posset,
797 679 830 724 se
851 679 926 725 vero
948 660 989 724 ad
1002 660 1183 725 libertatem
1198 679 1263 725 om·

148 763 202 826 nia
223 763 391 839 rettulisse,
421 780 501 842 quae
523 763 649 842 quidem
671 763 738 825 sine
759 780 836 844 pace
853 763 940 826 nulla
962 767 1053 840 esset,
1077 763 1132 826 sed
1154 781 1263 844 pacem

147 865 248 945 ipsam
284 864 473 930 arbitratum
506 883 575 928 esse
596 864 679 928 bello
703 871 798 944 atque
820 865 913 928 armis
937 862 1018 928 effici
1038 881 1140 944 posse.
1183 865 1264 928 Bru-

148 971 217 1029 tum
239 965 335 1046 igitur
355 966 412 1029 illo
433 971 574 1046 tempore
597 966 653 1029 otii
678 966 826 1047 pacisque
848 972 1008 1030 auctorem
1029 966 1125 1030 fuisse
1140 984 1211 1030 cum
1226 985 1264 1030 en

149 1085 255 1132 rerum
277 1067 409 1132 historia
431 1075 563 1146 constat,
585 1075 653 1131 trun
676 1073 708 1132 et
729 1086 768 1132 ex
789 1069 929 1150 epIstolis
953 1067 1113 1132 Ciceronis
1124 1069 1264 1134 eiusdem

148 1171 297 1250 temporis
331 1170 473 1250 quamvis
505 1171 626 1234 cautius
649 1177 681 1234 et
705 1171 867 1234 obscurius
889 1170 1014 1251 seriptIs
1032 1169 1055 1251 Ι)
1078 1176 1111 1234 et
1133 1189 1172 1236 ex
1194 1189 1264 1234 ora·

148 1272 288 1336 tionibus
322 1271 506 1354 Philippicis
539 1279 679 1353 apparet,
702 1273 842 1336 velutin
864 1273 946 1337 Phil.
968 1271 998 1336 X
1021 1272 1051 1354 (§
1076 1272 1129 1353 14)
1153 1273 1196 1336 sic
1218 1273 1265 1337 di·

149 1375 206 1438 eit:
242 1374 297 1456 „ab
331 1374 390 1438 hoo
424 1375 520 1454 igItur
551 1375 618 1438 viro
642 1375 807 1456 quisquam
828 1375 945 1448 bellum
968 1375 1067 1451 timet,
1090 1375 1152 1454 qui,
1176 1380 1265 1439 ante·

149 1495 244 1558 quam
265 1495 323 1541 nos
345 1477 379 1540 id
401 1477 503 1541 coacti
524 1478 727 1559 suscepimus,
750 1477 782 1540 in
804 1495 882 1558 paee
902 1477 1005 1540 iacere
1028 1494 1121 1558 quam
1136 1476 1263 1541 inbello

147 1579 277 1660 vigilare
298 1580 430 1643 maluit?
444 1613 484 1626 --
497 1584 621 1645 tantum
643 1587 749 1644 autem
770 1580 881 1643 aberat
903 1598 920 1642 a
942 1579 1035 1656 bello,
1057 1585 1102 1657 ut,
1126 1597 1196 1643 cum
1212 1597 1264 1643 cu-

148 1683 282 1762 piditate
315 1682 471 1746 libertatis
504 1681 599 1745 ltalia
625 1683 759 1759 arderet,
782 1682 917 1746 defuerit
940 1681 1052 1746 civium
1074 1681 1186 1746 studiis
1208 1700 1265 1763 po-

147 1785 211 1848 tius
246 1802 339 1865 quam
373 1803 427 1848 eos
459 1785 492 1848 in
514 1802 674 1849 armorum
695 1785 863 1848 discrimen
885 1784 1071 1848 adduceret“
1094 1783 1154 1867 (cfr
1175 1784 1211 1866 ἐξ
1235 1785 1264 1862 7,

149 1887 178 1965 8,
202 1889 243 1951 23
264 1887 405 1968 ibidem).
453 1889 558 1968 Atque
591 1886 701 1951 Cicero
735 1904 827 1966 quarn
861 1903 950 1949 suam
983 1886 1093 1949 eodem
1124 1892 1266 1966 tempore

148 1989 245 2052 luisse
272 1988 381 2052 scribit
403 1989 441 2052 de
463 2007 497 2052 re
519 1988 646 2071 publica
666 1988 803 2068 gerenda
824 1988 1021 2064 sementum,
1044 2004 1113 2050 eam
1135 2005 1169 2050 re
1189 2003 1266 2050 vera

148 2091 244 2154 fulsse
266 2092 432 2172 permultis
454 2091 531 2154 locis
552 2091 619 2172 ipse
641 2090 822 2169 declaravit,
846 2090 933 2153 cuius
955 2089 1076 2169 generis
1096 2095 1170 2153 sunt
1185 2107 1265 2170 quae

148 2194 190 2256 ad
212 2193 354 2256 Atticum
376 2193 486 2257 scribit
507 2193 599 2257 haec:
623 2227 679 2274 „-
692 2192 830 2273 reliquae
852 2209 903 2256 res
925 2209 1000 2272 opes
1016 2197 1048 2256 et
1062 2191 1168 2272 copias
1184 2192 1266 2256 desi-

148 2297 270 2372 derant,
304 2313 382 2375 quas
415 2297 517 2359 nullas
549 2295 719 2360 habemus“
733 2295 821 2376 (XIV
842 2297 872 2371 4,
895 2295 945 2376 2),
969 2295 1193 2376 „meministine
1215 2313 1266 2360 me

148 2397 285 2462 clamare
306 2397 360 2461 illo
382 2397 450 2478 ipso
472 2398 573 2478 primo
597 2397 775 2479 Capitolino
798 2399 849 2461 die
870 2404 1013 2461 senatum
1027 2397 1061 2460 in
1076 2396 1266 2477 Capitolium

149 2519 168 2564 a
188 2498 388 2580 praetoribus
410 2505 556 2581 oportere
578 2502 704 2564 vocari?
720 2501 752 2564 di
765 2501 971 2564 immortalesl
989 2517 1070 2581 quae
1087 2505 1155 2565 tum
1171 2517 1266 2582 opera

151 2600 231 2667 effici
263 2607 436 2681 potuerunt
468 2602 660 2666 laetantibus
684 2603 828 2666 omnibus
850 2602 950 2679 bonis,
974 2603 1070 2667 etiam
1091 2609 1141 2666 sat
1163 2603 1265 2682 bonis,

148 2705 256 2769 fractis
290 2703 480 2767 latronibus!
504 2703 662 2768 Liberalia
683 2710 720 2767 tu
742 2722 880 2768 accusas.
926 2705 1009 2782 Quid
1030 2706 1098 2770 fieri
1120 2711 1188 2770 tum
1210 2724 1266 2786 po-

147 2807 230 2870 tuit?
254 2843 293 2854 ··-
316 2805 384 2868 Iam
405 2806 528 2886 pridem
549 2806 757 2887 perieramus“
771 2806 861 2889 (XIV
882 2809 931 2886 10,
956 2808 1004 2888 1);
1028 2808 1131 2888 „illam
1153 2808 1265 2872 sessio·

148 2928 223 2974 nem
246 2905 457 2991 Capitolinam
480 2908 557 2972 mihi
578 2926 643 2974 non
665 2909 819 2990 placuisse
840 2915 877 2973 tu
898 2911 988 2974 testis
1010 2911 1060 2973 es“
1083 2927 1110 2974 e.
1133 2928 1163 2989 q.
1186 2927 1210 2972 s.
1233 2917 1265 2974 ei

149 3011 243 3092 „haec
266 3011 369 3088 armis
393 3028 589 3090 quae.quam
611 3008 701 3074 firma
722 3010 894 3074 habeamus
914 3011 1034 3090 ignoro,
1058 3011 1182 3074 restitui
1201 3010 1265 3074 for·

147 3119 232 3178 tasse
253 3120 394 3193 possunt,
418 3113 608 3176 auctoritate
630 3129 694 3176 non
715 3115 862 3195 possunt‘
875 3111 961 3192 (XIV
986 3113 1034 3192 14,
1050 3115 1070 3176 2
1085 3118 1118 3176 et
1131 3112 1180 3193 6);
1196 3119 1264 3177 tum

147 3215 207 3280 hoc
229 3215 269 3279 de
291 3232 352 3295 quo
376 3215 480 3294 agitur
501 3221 644 3297 tempore
666 3216 708 3298 ad
731 3214 931 3280 Cornificium
953 3215 1038 3291 (fam.
1060 3213 1123 3278 XII
1145 3217 1195 3293 22,
1214 3216 1262 3297 1);

148 3335 222 3398 „nos
254 3317 305 3380 hio
334 3319 608 3382 eum—Antonio
631 3318 747 3382 bellum
768 3319 915 3398 gerimus,
938 3317 993 3382 sed
1015 3335 1078 3381 non
1099 3318 1168 3398 pari
1190 3334 1263 3382 con·

147 3419 279 3498 dicione,
312 3426 423 3483 contra
445 3436 533 3483 arma
553 3420 684 3498 verbis“,
707 3421 800 3484 etad
822 3420 974 3484 Plancum
997 3416 1084 3504 (fam.
1106 3419 1136 3484 X
1158 3421 1187 3498 6,
1210 3417 1262 3501 3);

147 3529 321 3603 „postremo
354 3539 463 3603 pacem
498 3539 567 3586 esse
598 3523 718 3587 iudices
750 3541 814 3587 non
846 3524 880 3588 in
902 3523 997 3587 armis
1019 3523 1130 3604 positIs
1153 3523 1262 3588 sedin

147 3623 269 3688 abieoto
304 3641 462 3688 armorum
484 3630 516 3687 et
538 3626 697 3690 servitutis
726 3626 840 3703 metu“;
863 3626 996 3706 denique
1017 3625 1050 3688 in
1070 3625 1171 3706 prima
1192 3643 1262 3690 ora·

146 3727 234 3790 tione
256 3726 337 3790 Phil.
359 3725 453 3791 XIII:
478 3745 514 3808 „a
534 3727 688 3810 principio
710 3728 802 3792 huius
813 3728 933 3792 belli-
951 3727 1050 3805 timui,
1068 3745 1108 3791 ne
1119 3728 1261 3792 conditio

146 3827 297 3892 insidiosa
318 3831 403 3909 pacis
424 3830 581 3894 libertatis
601 3830 836 3916 recuperandae
858 3829 963 3895 studia
982 3831 1206 3910 restingueret“
1230 3837 1262 3896 et

145 3931 334 4012 paulopost
356 3932 387 4014 (ξ
409 3934 442 4014 2)
467 3933 540 4014 „scd
562 3933 622 3998 hoo
650 3935 786 4013 primum
807 3933 975 3998 videndum
997 3939 1054 4011 est,
1077 3950 1109 4014 p.
1131 3923 1167 4011 ο,
1191 3952 1262 3999 cum

146 4069 348 4080 ...ι--ι--ι-ι

250 4135 272 4201 1)
292 4131 338 4188 Otr
355 4121 506 4202 permultas
524 4137 658 4194 librorum
675 4137 740 4194 XIV
758 4143 786 4192 et
803 4137 853 4192 XV
872 4137 908 4193 ad
924 4137 1047 4192 Atticum
1065 4135 1150 4192 datas.
