3048 4850
1167 255 1223 319 101

174 446 315 530 paranda
345 450 427 524 sunt,
461 461 540 525 quae
567 445 599 507 in
626 443 705 508 Phil.
732 443 779 508 XI
806 444 836 526 (ὅ
864 445 904 509 26
931 441 1028 524 med.)
1056 441 1131 506 dicit
1153 441 1275 506 Cicero:

176 547 226 631 ,C.
260 548 424 625 Antonius,
457 547 510 627 qui
547 552 634 611 tenet
672 546 877 630 Apolloniam,
915 562 1060 624 magnam
1099 543 1208 608 urbem
1247 548 1278 608 et

176 667 311 732 marem,
333 651 427 728 tenet,
452 650 569 732 opinor,
581 647 743 729 Byllidem,
759 653 846 711 tenet
861 647 1047 725 Amantiam,
1063 647 1159 710 instat
1170 645 1277 728 Epiro,

177 757 268 832 urget
289 751 424 831 Oricum,
440 750 535 816 habet
551 751 667 832 aliquot
683 750 836 828 cohortes
852 749 947 814 hahet
962 749 1159 829 equitatum.“
1193 749 1278 812 Haec

179 870 300 936 quoque
328 853 367 916 ad
397 854 457 916 iter
477 853 555 918 illud
581 851 709 916 Antonii
735 852 923 917 Buthrotum
949 869 1056 915 versus
1083 858 1188 932 aperte
1211 868 1279 932 spe-

82 949 85 956 ’
179 957 278 1033 etant,
299 953 444 1018 videntur
465 961 649 1018 autemnon
669 954 771 1018 solum
792 973 829 1017 ex
851 954 958 1036 primis
979 951 1068 1016 Bruti
1090 951 1202 1016 litteris
1223 971 1279 1036 pu-

178 1053 269 1120 blicis
290 1055 345 1119 sed
366 1057 531 1120 maximam
552 1060 671 1136 partem
694 1075 731 1120 ex
752 1055 975 1138 posterioribus
998 1055 1180 1136 quibusdam
1202 1073 1281 1117 nun·

179 1157 233 1222 tiis
253 1156 303 1221 vel
323 1156 500 1221 rumoribus
523 1174 589 1221 csse
612 1155 703 1220 dicta.
738 1157 808 1238 Sed,
821 1193 860 1204 -—
874 1164 905 1221 et
928 1175 964 1221 ea
986 1157 1019 1218 in
1041 1175 1074 1220 re
1096 1155 1280 1237 disceptatio

180 1264 289 1324 nostra
309 1259 450 1336 vertitur,
463 1295 501 1304 -
515 1275 615 1338 neque
635 1259 668 1322 in
688 1258 769 1322 Phil.
791 1259 820 1323 Χ
843 1257 926 1322 aliud
948 1259 1112 1340 quicquam
1133 1258 1171 1321 de
1195 1255 1281 1322 Cice·

180 1379 257 1427 rone
278 1359 341 1424 filio
364 1361 477 1424 dicitur
498 1359 558 1422 nisi
578 1359 731 1439 legionem
753 1359 909 1442 quandam
932 1361 960 1424 ei
988 1379 1020 1424 se
1046 1359 1219 1438 tradidisse,
1247 1379 1284 1426 ac

180 1481 220 1526 ne
252 1461 437 1526 Plutarchus
475 1461 600 1542 quidem
636 1462 722 1544 prius
758 1463 854 1526 ullam
892 1463 958 1527 eius
990 1461 1065 1527 facit
1093 1463 1283 1528 mentionem

183 1579 276 1644 quam
307 1564 478 1628 Antonium
504 1569 611 1627 narrat
632 1563 741 1628 relicta
762 1563 927 1646 Apollonia
949 1563 1136 1630 Buthrotum
1156 1566 1216 1630 iter
1237 1566 1284 1630 fa-

184 1665 316 1732 cientem
337 1666 553 1746 nonnullisque
576 1666 755 1731 cohortibus
777 1668 897 1730 amissis
918 1667 1039 1750 Bylhde
1060 1667 1194 1750 potitum
1215 1669 1286 1734 loca

185 1768 433 1833 circumiacentia
463 1768 493 1830 vi
526 1786 677 1850 occupare
703 1773 849 1833 conatum
877 1787 957 1833 esse:
980 1776 1048 1834 tum
1070 1769 1193 1834 demum
1215 1789 1284 1834 eum

184 1871 302 1954 proelio
325 1888 394 1933 cum
417 1869 566 1934 Cicerone
588 1871 751 1934 commisso
776 1875 850 1952 (quo
872 1870 974 1952 legato
997 1890 1071 1936 usus
1092 1871 1207 1935 Brutus
1218 1871 1288 1953 plu·

185 1973 264 2036 rima
295 1972 361 2034 eius
393 1989 487 2052 opera
515 1969 706 2054 confecerit),
729 1973 768 2035 ab
790 1973 850 2035 hoc
871 1975 987 2036 victum
1009 1978 1041 2037 et
1061 1975 1153 2053 paulo
1175 1977 1287 2056 posta

184 2063 283 2138 Bruto
316 2077 441 2154 captum
475 2090 551 2136 esse.
595 2071 705 2153 ltaque
737 2074 869 2138 Brutum
901 2073 939 2137 de
960 2075 1019 2137 hac
1041 2093 1074 2138 re
1097 2093 1116 2137 a
1138 2073 1286 2138 Cicerone

185 2171 249 2238 filio
282 2178 369 2253 gesta
401 2173 461 2237 nisi
483 2174 587 2240 alteris
609 2175 722 2238 litteris
744 2175 876 2255 publicis
898 2194 960 2240 non
982 2177 1141 2258 scripsisse
1163 2177 1288 2241 conclu-

189 2275 322 2340 dendum
354 2281 409 2356 est,
438 2282 539 2357 atque,
562 2283 597 2340 ut
619 2277 729 2340 merita
751 2278 817 2341 eius
838 2278 946 2363 primis
967 2278 1080 2343 litteris
1103 2297 1288 2344 commemo-

188 2396 258 2442 rare
278 2379 425 2460 potuerit,
448 2379 554 2443 alteris
578 2377 722 2444 omittere
743 2398 783 2444 ne
805 2381 908 2464 potuit
928 2381 1062 2462 quidem.

290 2477 325 2561 ἐξ
353 2482 372 2544 3
402 2484 433 2544 et
458 2481 488 2544 4.
530 2481 617 2546 Haec
649 2483 799 2565 epistolae
831 2502 903 2566 pars
929 2483 959 2547 in
987 2484 1026 2547 iis
1052 2488 1121 2548 tota
1149 2487 1291 2548 versatur

189 2582 379 2657 enarrandis
413 2600 492 2661 quae
525 2581 564 2646 de
585 2585 733 2664 proximis
753 2584 866 2648 litteris
889 2591 921 2649 et
941 2584 1039 2649 Bruti
1052 2591 1083 2648 et
1105 2582 1138 2647 O.
1161 2583 1290 2648 Antonii

188 2683 235 2746 ld.
269 2684 343 2764 Apr.
376 2685 503 2763 perlatis
529 2685 562 2747 in
589 2692 698 2749 senatu
725 2692 757 2750 et
778 2686 888 2750 eodem
910 2693 942 2750 et
962 2692 1088 2770 postero
1111 2686 1160 2750 die
1181 2687 1289 2752 habito

190 2789 261 2850 acta
292 2789 391 2849 erant.
433 2785 512 2849 Rem
532 2785 594 2848 iam
626 2785 716 2850 initio
748 2787 898 2867 epistolae
925 2787 1033 2852 Cicero
1053 2786 1289 2867 significaverat,

190 2889 246 2952 sed
278 2907 350 2952 mox
382 2889 422 2952 ad
454 2905 543 2952 suum
565 2887 603 2951 de
625 2893 691 2952 toto
713 2889 795 2951 bello
818 2889 966 2953 iudicium
986 2889 1186 2972 aperiendum
1207 2895 1294 2954 man-

191 2991 256 3068 siit3
290 3007 389 3071 neque
421 2993 526 3054 tamen
558 3009 638 3071 quae
660 2991 804 3071 deinceps
825 2991 958 3072 scripsit,
982 2992 1039 3055 etsi
1061 2991 1183 3072 longius
1204 3009 1292 3073 repe-

189 3093 251 3156 tita
272 3097 353 3172 sunt,
375 3111 438 3159 non
461 3093 501 3156 ad
523 3093 652 3157 eandem
673 3094 764 3158 Bruti
787 3093 825 3157 de
846 3111 880 3156 re
901 3093 1027 3174 puhhca
1048 3095 1184 3173 gerenda
1198 3094 1292 3158 ratio-

191 3213 262 3259 nem
278 3199 428 3276 spectant,
452 3213 531 3276 quae
547 3195 595 3260 his
611 3196 644 3261 in
665 3195 777 3260 litteris
799 3195 991 3276 apertissime
1012 3195 1142 3277 patebat
1163 3202 1194 3261 et
1206 3196 1293 3277 quasi

192 3297 225 3360 in
258 3299 413 3362 cumulum
445 3303 627 3362 accesserat.
671 3299 719 3362 De
751 3298 863 3363 litteris
885 3303 989 3362 autem
1011 3298 1086 3380 ipsis
1108 3299 1146 3362 de
1169 3303 1293 3362 senatu-

193 3418 253 3485 que
273 3401 335 3465 illis
356 3399 466 3465 diebus
486 3401 595 3466 habito
619 3419 688 3466 cum
710 3406 834 3484 praeter
855 3400 937 3466 hunc
958 3401 1060 3465 locum
1081 3418 1234 3482 nusquam
1254 3397 1295 3462 sit

194 3503 357 3587 quicquam
389 3503 557 3567 memoriae
589 3504 756 3587 proditum,
789 3521 852 3570 non
873 3503 947 3567 licet
968 3503 1045 3570 haec
1068 3521 1137 3567 cum
1158 3501 1227 3567 aliis
1248 3502 1296 3568 lo-

195 3609 238 3672 cis
271 3622 458 3690 comparare,
481 3604 536 3669 sed
558 3622 683 3670 necesse
705 3610 753 3671 est
774 3605 851 3670 sotis
872 3605 1042 3669 habeamus
1063 3603 1197 3685 probare
1217 3602 1294 3668 nihil

196 3785 278 3848 extr.)
302 3782 370 3834 haec
395 3779 562 3848 paucissima
579 3776 669 3830 aliam:
696 3776 856 3844 »καταλαβὼν
874 3777 917 3828 aha
935 3775 1035 3833 τούτους
1053 3775 1168 3843 (Vatinii
1187 3773 1295 3842 copias)

197 3865 234 3920 lat
255 3865 297 3918 τὸν
319 3864 443 3920 Ἀντώνιον
466 3866 491 3917 ἐν
512 3867 545 3933 τῇ
567 3859 706 3931 libellaria
723 3862 782 3914 ὄντα
800 3863 947 3932 ἐστράτευσε,
965 3863 1006 3914 καὶ
1022 3859 1252 3932 προαπαντήσαντός
1269 3859 1293 3910 οἱ

196 3953 273 4008 aoros
290 3952 346 4009 τοὺς
362 3972 388 4006 τε
405 3952 554 4024 στρατιώτας
571 3948 720 4022 ᾠκειώσατο,
738 3967 778 4002 και
795 3949 887 4002 ἐκεῖνον
904 3949 927 4004 ἐς
945 3947 974 4000 τὸ
988 3953 1070 4016 τεῖχος
1078 3945 1294 4016 προκαταφυγόντα

197 4039 329 4110 ἀπετιίχισε
355 4039 399 4107 μὲν
424 4042 466 4090 καὶ
491 4039 627 4108 ἐζώγρησεν
653 4037 680 4089 ἐκ
705 4036 839 4106 apotomae,
865 4033 942 4086 suada
965 4033 991 4085 db
1009 4031 1078 4084 οὐδὲν
1101 4033 1245 4101 εἰργάσατοι.
1264 4057 1302 4070 -—

197 4127 355 4181 Dmmanno
373 4139 436 4178 vero
454 4125 581 4194 Meyerua
599 4123 682 4177 nimis
700 4137 766 4176 usus
784 4135 843 4176 esee
861 4119 970 4174 ridetur
987 4123 1106 4172 auctore.
