3048 4850
293 271 335 336 62

251 458 593 542 101111111111111111111
615 459 812 524 sublevatum
840 476 909 524 esse
935 459 1004 542 ipse
1030 457 1193 540 scribat1).
1250 457 1380 525 Sedet

251 561 452 625 Hermannus
473 561 538 626 iam
559 579 626 626 rem
648 560 850 644 explicavit)
878 565 911 626 et
933 579 969 626 eo
991 560 1095 626 minus
1118 561 1295 626 mirandum
1318 566 1378 626 est

248 661 382 727 Brutum
403 661 464 726 hoc
485 662 670 744 praesertim
697 666 840 744 tempore
867 662 962 728 rebus
988 663 1054 727 suis
1079 681 1145 728 non
1172 662 1250 727 setis
1272 661 1378 728 coufi-

249 781 319 828 sum
335 780 413 841 esse,
431 765 514 846 quod
531 765 625 847 paulo
643 769 717 829 ante
734 769 766 829 et
778 764 818 830 de
828 765 905 829 Asia
922 769 963 845 et,
982 765 1009 830 si
1020 765 1095 846 quid
1105 765 1140 828 in
1156 763 1379 830 Galliaoffen-

249 883 318 930 sum
334 869 427 946 esset,
450 867 490 932 de
506 871 576 932 tote
591 885 626 933 re
641 865 769 949 publica
783 866 999 949 recuperanda
1014 867 1154 932 monitus
1170 871 1247 945 erat,
1269 885 1379 948 quare

248 984 313 1032 non
344 972 470 1049 poterat
483 1027 486 1036 .
500 987 566 1034 non
593 968 633 1033 ad
661 986 815 1034 summam
842 973 874 1034 et
902 973 1074 1034 extremam
1099 985 1158 1050 pro
1185 985 1221 1032 re
1241 968 1378 1051 publica

179 1103 180 1106 ¹
249 1070 483 1136 contentionem
500 1089 534 1135 se
556 1087 677 1153 parare.
711 1071 803 1149 Quod
825 1075 931 1136 antem
947 1071 1092 1153 Meyerus
1109 1067 1251 1154 moneo)
1273 1088 1378 1152 pecu-

247 1173 318 1237 niae
338 1173 478 1256 inopiam
500 1173 607 1254 potius
627 1173 661 1236 in
682 1173 848 1238 Decimum
870 1173 1005 1238 Brutum
1031 1173 1152 1253 cadere,
1185 1173 1314 1238 minime
1336 1175 1374 1240 ei

247 1276 293 1340 rei
314 1275 366 1340 hic
388 1275 514 1356 quidem
535 1276 623 1340 locus
648 1280 814 1357 repugnat,
843 1275 992 1357 quoniam
1020 1276 1099 1340 haec
1120 1275 1210 1340 addit
1230 1276 1371 1340 Brutus:

249 1395 368 1460 ,nequo
389 1395 459 1442 meo
488 1377 640 1442 exercitui
665 1377 764 1458 magis
792 1395 888 1458 quam
913 1376 1133 1458 reliquorum“,
1167 1377 1257 1458 quasi
1279 1377 1375 1443 Cice-

247 1496 357 1544 ronem
389 1478 473 1544 ultro
506 1484 643 1558 excuset,
676 1479 704 1543 si
730 1479 834 1543 minus
860 1480 1000 1560 potnerit
1025 1478 1099 1544 huic
1124 1479 1172 1544 rei
1194 1481 1372 1546 consulere.

246 1580 357 1662 Neque
380 1580 463 1645 enim
485 1580 526 1645 ad
546 1598 644 1644 unum
665 1580 829 1645 Decimum
855 1581 989 1644 Brutum
1015 1581 1072 1646 sed
1099 1581 1195 1646 etiam
1221 1581 1264 1645 ad
1290 1581 1372 1647 (ias-

247 1682 328 1746 sium
350 1686 383 1747 ct
406 1679 607 1748 Comificium
628 1681 739 1747 eadem
764 1699 816 1747 res
836 1682 1060 1764 pertinebat⁴).

348 1783 386 1848 In
412 1785 522 1866 primis
547 1802 622 1849 vero
649 1785 683 1848 in
710 1802 748 1849 co
780 1784 951 1850 haeserunt
982 1785 1042 1848 viri
1073 1785 1169 1865 docti,
1202 1787 1295 1868 quod,
1328 1793 1367 1852 ut

248 1893 390 1969 ,secreto
423 1887 553 1952 consilio
587 1885 736 1951 adversus
768 1887 925 1953 Pansam“
962 1887 1079 1952 milites
1099 1887 1162 1953 sibi
1182 1889 1357 1967 mittantur,
1473 1964 1479 1978 .

245 1989 363 2055 Brutus
385 1990 511 2054 suadet:
540 1994 659 2071 negant
685 1990 768 2054 enim
794 1988 863 2054 fieri
884 1990 1011 2054 omnino
1033 1990 1183 2072 potuisse,
1210 1996 1248 2056 ut
1272 1989 1361 2072 pauci

246 2097 407 2158 senatores
440 2093 563 2174 privato
597 2093 727 2157 consilio
765 2093 812 2158 rei
849 2092 994 2174 publicae
1053 2093 1151 2176 copiis
1189 2096 1362 2158 uterentur.

245 2195 375 2260 Accedit
397 2195 491 2276 quod,
523 2199 560 2258 ut
586 2193 689 2258 adhuc
719 2194 846 2275 quidem
877 2195 1039 2260 intellecta
1066 2199 1141 2258 sunt
1167 2194 1246 2259 haec
1273 2195 1368 2260 Bruti

244 2297 350 2377 verba,
382 2313 422 2361 ea
455 2314 535 2377 quae
561 2295 707 2361 rescribit
734 2296 844 2361 Cicero
874 2299 936 2378 (ep.
958 2296 1042 2374 114,
1064 2297 1111 2378 4),
1140 2314 1211 2361 cum
1238 2297 1280 2360 ad
1301 2297 1368 2362 sin-

244 2399 334 2479 gulas
355 2398 449 2462 huius
470 2397 624 2479 epistolae
651 2398 823 2462 sententias
850 2415 945 2478 qnam
971 2399 1207 2464 accuratissime
1233 2417 1366 2480 respon-

245 2500 349 2579 deant,
383 2500 424 2563 ad
455 2499 533 2563 haec
565 2498 692 2562 omnino
725 2516 789 2563 non
816 2499 1054 2564 accommodate
1081 2505 1164 2566 sunt.
1218 2503 1368 2583 Namque

243 2602 361 2666 Brutus
387 2601 484 2682 igitur
510 2606 565 2665 ant
592 2605 714 2666 secreto
743 2601 873 2666 consilio
899 2601 1051 2668 insciente
1073 2603 1179 2668 Pansa
1204 2609 1236 2670 et
1261 2604 1365 2669 invito

244 2708 300 2768 aut
327 2703 452 2768 actione
477 2703 512 2767 in
539 2707 650 2768 senatu
676 2703 791 2768 milites
824 2703 865 2768 ab
894 2703 1045 2770 Cicerone
1075 2706 1215 2788 expediri
1246 2706 1366 2770 voluit:

244 2805 353 2870 Cicero
382 2805 462 2870 nihil
489 2805 529 2870 de
557 2823 599 2884 se,
628 2805 708 2870 nihil
734 2806 774 2871 de
801 2811 914 2870 senatu
936 2806 1054 2886 scribit,
1076 2807 1171 2872 immo
1193 2808 1298 2872 omnia
1320 2807 1366 2872 ad

242 2924 340 2973 unum
355 2909 493 2973 Pansam
515 2913 548 2972 et
569 2907 671 2972 solum
692 2907 798 2973 refert.
827 2909 928 2973 Bruto
951 2910 1035 2974 ultro
1057 2925 1242 2990 persuasum
1264 2908 1368 2974 tuisse

242 3011 367 3076 videtur
394 3011 531 3076 Pansam
559 3011 620 3075 nisi
647 3016 791 3075 coactum
818 3011 902 3075 nolle
929 3010 1097 3094 quicquam
1124 3011 1185 3077 sibi
1206 3011 1363 3076 tribueret

242 3114 352 3180 Cicero
380 3131 452 3178 eum
478 3117 641 3193 tamquam
670 3113 809 3177 nescium
836 3131 900 3176 non
927 3113 1021 3178 modo
1050 3113 1143 3179 docet
1168 3113 1247 3178 nihil
1273 3113 1364 3177 auxi-

241 3217 355 3282 liorum
378 3234 450 3281 eum
472 3215 611 3280 ePansa
627 3233 754 3296 sperare
770 3214 895 3295 debere,
918 3216 1085 3281 sedetiam
1108 3222 1192 3282 tecte
1209 3220 1242 3280 et
1257 3220 1361 3296 caute,

240 3324 277 3384 ut
288 3319 421 3398 solebat,
434 3318 463 3382 ei
474 3315 630 3398 significat
641 3317 746 3382 animo
757 3318 880 3382 Pansae
891 3318 920 3382 ei
930 3335 995 3383 non
1005 3318 1098 3383 nimis
1109 3335 1178 3383 esso
1187 3317 1360 3397 fidendum,

239 3426 351 3503 utpote
373 3421 427 3502 qui
449 3421 516 3485 eius
538 3418 650 3500 opibus
671 3437 735 3484 non
756 3419 856 3501 magis
884 3438 977 3502 quam
1000 3420 1102 3486 Cassii
1121 3420 1236 3486 faveat.
1279 3421 1362 3486 Bru-

240 3531 292 3590 tus
314 3523 458 3589 Ciceroni
480 3523 600 3601 suadet,
628 3527 664 3586 ut
686 3527 796 3588 contra
816 3523 952 3589 Pansam
974 3542 1041 3590 rem
1062 3521 1213 3605 perficiat,
1247 3522 1357 3588 Cicero

239 3627 318 3692 nihil
329 3626 415 3692 aliud
426 3626 501 3707 agit,
524 3625 586 3690 nisi
596 3630 633 3690 ut
649 3626 787 3691 animum
797 3627 920 3692 Pansae
937 3627 976 3692 ab
995 3626 1108 3709 opibus
1124 3625 1191 3691 eius
1207 3625 1358 3706 augendis

240 3747 384 3796 aversum
406 3735 438 3795 et
460 3729 597 3794 alienum
619 3745 688 3794 esse
710 3729 866 3795 ostendat.
920 3731 1098 3811 Tantopere
1119 3730 1198 3794 haec
1218 3728 1302 3794 inter
1323 3745 1360 3794 se

341 3902 350 3936 ¹
391 3899 440 3954 cfr
458 3915 499 3968 ep.
518 3898 554 3952 ad
572 3899 616 3953 Br.
634 3899 648 3953 I
667 3898 707 3964 11,
727 3899 750 3952 1.

390 3987 447 4040 Zur
463 3984 572 4040 Rechti.
590 3985 617 4038 11
635 4001 680 4055 pp.
699 3986 732 4040 16
751 3991 779 4040 et
795 3985 837 4040 31.

391 4071 496 4211 giret&
508 4072 571 4210 ἐξ.
589 4156 642 4210 XII
660 4157 702 4221 12,
719 4156 750 4221 2;
767 4155 809 4212 28,
828 4155 857 4220 2;
876 4154 918 4222 30,
936 4156 961 4210 6.
