3082 4856
1172 285 1214 352 29

128 497 198 562 qua
225 478 349 562 priores
381 475 504 540 ratione
531 477 770 556 pertractemus.
815 471 922 537 Rebus
950 471 1150 553 consiliisque
1178 491 1260 555 quae

131 581 179 646 ad
192 581 352 663 proximos
367 595 490 644 menses
510 575 677 642 referenda
690 579 765 640 sunt
786 574 876 639 brevi
898 574 1133 655 comprehensis
1150 574 1259 640 Cicero

130 683 201 748 iam
223 681 263 747 ad
285 698 358 746 eom
379 697 485 745 rerum
512 683 641 758 statum,
670 678 726 759 qui
754 681 829 741 tunc
851 693 920 740 esse
947 675 1068 740 Romae
1094 677 1180 742 visos
1207 677 1259 758 sit,

130 783 339 851 indicandum
371 781 550 847 revertitur.
595 779 688 857 Quod
713 797 788 843 vero
817 778 954 860 primum
980 777 1061 842 scIre
1088 795 1122 842 se
1149 779 1261 844 scribit

130 905 217 968 qnae
238 885 358 950 Rornae
380 888 452 948 acta
472 884 537 948 siut
559 899 703 964 quaeque
724 899 796 946 cum
817 879 953 944 maxime
975 885 1109 960 agantur
1124 882 1165 944 ad
1179 881 1259 946 Bru·

124 995 203 1056 turn
226 986 393 1068 diligenter
413 985 575 1076 perscribi,
604 984 715 1050 eadem
742 982 825 1048 ratio
851 982 1037 1064 plerumque
1063 982 1096 1046 in
1118 983 1259 1064 epIstolis

129 1090 296 1157 OlceroniS
328 1090 394 1154 late
424 1093 515 1171 patet
545 1088 724 1168 multasque
756 1087 797 1150 ad
830 1084 1050 1166 explicandum
1081 1085 1172 1151 affert
1200 1087 1259 1152 dil-

124 1193 302 1270 ficoitates,
336 1209 407 1256 cum
439 1207 591 1272 persaepe
623 1207 675 1254 res
709 1188 905 1266 omittantur,
945 1205 1026 1268 quae
1062 1206 1147 1268 prae
1176 1194 1259 1254 cete—

128 1297 176 1361 ris
199 1292 427 1359 existimandae
453 1292 516 1356 sint
542 1294 789 1358 commemoratu
817 1289 940 1370 dignae,
968 1307 1050 1370 quae
1077 1291 1166 1372 parvi
1191 1309 1259 1356 mo-

129 1396 233 1464 menti
265 1395 331 1459 sint
357 1394 523 1459 habendae
550 1396 846 1472 commemorentur,
873 1397 910 1456 ut
937 1396 992 1455 aut
1019 1409 1081 1472 quo
1114 1397 1258 1476 ternpore

129 1500 211 1564 data
231 1498 274 1561 sit
296 1496 432 1578 epistola
453 1495 620 1559 diludicari
645 1513 710 1560 non
737 1493 838 1576 possit
865 1497 920 1558 aut
945 1493 1016 1576 ipsa
1037 1496 1173 1576 tempori
1194 1513 1257 1576 quo

133 1601 213 1666 data
239 1601 286 1663 est
311 1615 424 1678 parum
451 1602 527 1681 apta
552 1598 708 1662 videatur.
752 1596 908 1676 Deinceps
936 1596 1024 1660 addit
1052 1596 1161 1662 Cicero
1189 1615 1258 1663 esse
1285 1633 1288 1640 ι

130 1705 241 1768 tamen
263 1699 392 1781 aliquid,
415 1700 500 1779 quod
522 1718 560 1763 er
583 1718 617 1764 se
639 1699 838 1782 potissimum
864 1699 998 1764 Brutum
1021 1700 1181 1780 cognitum
1202 1701 1258 1766 ha-

134 1805 212 1870 bere
232 1803 322 1867 velit:
345 1802 424 1866 haec
445 1820 572 1884 quoque
593 1819 722 1885 prorsus
745 1819 784 1866 ex
804 1819 865 1865 usu
886 1801 1031 1866 Thillada
1054 1803 1163 1867 addita
1189 1821 1258 1869 esse

129 1907 293 1989 permulta
314 1905 457 1987 exempla
478 1905 603 1984 docent,
626 1905 714 1969 velut
735 1905 776 1969 ad
797 1904 865 1968 Att.
887 1904 932 1969 IV
955 1907 983 1984 1,
1007 1907 1038 1970 4:
1062 1925 1174 1987 „nona
1197 1908 1258 1972 etsi

130 2010 244 2075 omnia
264 2013 318 2072 aut
339 2008 457 2088 scripta
479 2026 548 2072 esse
570 2025 590 2072 a
611 2009 676 2072 tuis
698 2007 836 2072 arbitror
858 2042 908 2086 -,
931 2011 1038 2072 tamen
1060 2026 1098 2072 ea
1120 2009 1257 2076 scribam

135 2111 239 2189 breui,
261 2129 338 2191 quae
359 2113 392 2174 te
413 2114 491 2190 puto
513 2110 712 2192 potisshnum
735 2128 773 2174 ex
794 2110 873 2174 meis
894 2109 1008 2175 litteris
1035 2113 1122 2177 velle·
1141 2131 1257 2194 cogno-

135 2216 257 2292 sceret
280 2217 311 2278 et
330 2213 375 2278 IV
397 2213 427 2292 2,
450 2215 480 2278 6:
504 2212 673 2294 „quoniam
700 2216 772 2277 acta
799 2231 880 2293 quae
901 2213 966 2278 sint
991 2214 1099 2294 habes
1124 2216 1163 2280 de
1184 2216 1257 2280 reli-

134 2335 199 2398 qua
219 2319 328 2380 nostra
350 2315 542 2396 cogitatione
565 2318 749 2396 cognosce“,
772 2320 805 2379 et
826 2316 868 2379 ad
888 2314 963 2381 fam.
985 2317 1000 2380 Ι
1022 2318 1043 2383 5
1064 2317 1095 2396 b,
1126 2319 1154 2383 1:
1182 2318 1255 2398 „hic

126 2437 213 2508 quae
235 2422 371 2498 agantur
393 2435 538 2498 quaeque
564 2423 637 2482 acta
664 2418 737 2497 sint,
765 2436 803 2482 ea
828 2421 861 2482 te
888 2423 921 2482 et
946 2418 1060 2484 fitteris
1082 2421 1254 2484 multorum

131 2525 166 2586 et
186 2521 306 2584 nuntiis
328 2537 480 2601 cognosse
501 2520 653 2600 arbitror;
677 2537 757 2601 quae
779 2525 885 2584 autem
906 2521 1010 2603 posita
1031 2524 1159 2587 suntin
1181 2541 1255 2586 con-

124 2623 254 2688 iectura
290 2639 432 2705 quaeque
467 2622 614 2687 videntur
643 2621 720 2702 fore,
755 2641 793 2687 ea
824 2627 902 2704 puto
934 2622 994 2686 tibi
1026 2641 1045 2686 a
1077 2641 1128 2688 me
1159 2625 1255 2689 scribi

126 2728 300 2807 oportere“
316 2723 351 2805 ¹).
395 2725 539 2789 Eundem
560 2741 691 2806 prorsus
717 2725 750 2788 in
776 2725 905 2790 modum
931 2743 972 2789 ne
993 2724 1044 2789 hic
1065 2726 1192 2805 quidem
1214 2727 1255 2792 de

124 2828 263 2908 singulis
284 2827 379 2892 rebus
400 2828 567 2909 quicquam
586 2826 708 2906 scribit,
730 2828 786 2891 sed
808 2845 870 2907 qua
890 2827 958 2910 ipse
981 2828 1020 2892 de
1041 2827 1088 2892 rei
1109 2829 1254 2910 publicae

128 2934 228 3008 statu,
251 2947 315 3010 qua
336 2930 391 2995 alii
410 2930 528 2995 fuerint
549 2929 707 2994 sententia
728 2927 884 3009 significat
901 2933 934 2993 et
956 2929 1117 3009 quidinde
1138 2929 1253 2996 efficia-

131 3035 186 3095 tur
205 3031 306 3096 Bruto
328 3033 484 3113 agendum
506 3049 574 3096 esse
596 3031 680 3095 hunc
701 3035 818 3097 monet.

233 3134 280 3198 Ac
312 3133 352 3198 de
384 3152 418 3199 se
451 3134 578 3215 quidem
604 3134 667 3199 hoc
692 3132 811 3213 scribit,
840 3149 932 3198 suurn
959 3125 1098 3199 animum
1124 3133 1155 3197 in
1185 3135 1253 3200 acie

132 3251 202 3300 esse
236 3255 341 3317 neque
379 3241 557 3317 respectum
593 3237 694 3301 ullum
730 3253 891 3317 quaerere,
930 3253 1011 3317 quae
1050 3236 1182 3301 eandem
1218 3237 1252 3302 in

126 3339 319 3403 sententiam
351 3339 469 3420 scripta
507 3355 576 3404 esse
613 3339 762 3404 videntur
798 3343 894 3420 atque
931 3355 1012 3420 quae
1049 3339 1144 3420 paulo
1178 3344 1252 3404 ante

130 3439 173 3504 ad
194 3438 338 3504 Cassium
360 3440 530 3522 scripserat
552 3439 641 3524 (fam.
663 3440 726 3504 XII
748 3441 778 3520 5,
802 3440 853 3524 2):
877 3441 959 3520 „nisi
977 3459 1029 3506 me
1043 3441 1184 3522 fallebat,
1200 3459 1252 3508 res

125 3559 164 3606 se
185 3541 231 3606 sic
253 3540 400 3620 habebat,
423 3546 460 3605 ut
485 3542 584 3606 totius
610 3540 686 3606 belii
713 3559 805 3608 omne
832 3542 1001 3607 discrimen
1026 3543 1060 3606 in
1086 3544 1125 3607 D.
1151 3543 1251 3608 Bruto

127 3643 270 3726 positum
296 3661 365 3708 esse
390 3644 570 3709 videretur“
596 3663 623 3708 e.
650 3662 680 3724 q.
706 3644 782 3728 al).
820 3644 900 3710 Turn
927 3647 1070 3710 oratione
1096 3645 1177 3709 Phil.
1206 3645 1252 3710 XI

125 3745 315 3825 sententiae,
350 3763 388 3810 en
420 3765 483 3828 qua
515 3748 658 3811 consules
695 3746 880 3812 Dolabellae
917 3748 1125 3830 persequendi
1156 3765 1252 3813 causa

126 3847 240 3914 Asiam
261 3853 294 3914 et
320 3849 443 3932 Syriam
470 3849 668 3929 sortirentur,
695 3849 810 3914 acriter
829 3869 1009 3932 repugnans
1037 3851 1085 3931 „si
1112 3853 1249 3930 autem“,

235 4089 257 4155 Ι)
274 4087 359 4141 Plura
375 4088 504 4158 Meyerus
524 4089 665 4157 congessit
682 4103 741 4143 exa
760 4087 777 4140 l.
797 4103 820 4142 c.
835 4105 863 4158 p.
882 4087 940 4143 170.

233 4171 256 4240 ²)
276 4171 323 4226 cfr
341 4179 404 4228 ante
422 4190 449 4243 p.
463 4173 504 4228 20.
