3048 4850
1170 280 1209 346 79

239 463 379 527 Alteram
405 462 498 526 huius
524 462 587 527 loci
612 463 863 544 reprehendendi
883 483 992 530 ansam
1015 464 1142 546 Meyero
1164 466 1251 535 dedit

137 564 300 630 consilium
321 563 479 630 Ciceronis
501 565 587 646 quod
606 565 711 631 verbis
725 565 962 648 insequentibus
978 568 1165 646 continetur,
1183 569 1251 649 quis

135 665 196 730 bus
221 665 272 730 hic
293 665 394 730 Bruto
416 667 537 746 suadet,
568 672 603 732 ut
624 667 822 733 Dolabellam
844 668 928 732 bello
952 675 1200 750 persequeretur,
1223 671 1250 736 si

11 839 13 868 Ι
135 767 187 834 hic
218 767 325 834 Asiam
352 773 545 850 occupasset.
589 767 659 835 Hoc
684 770 754 836 loco
782 788 854 834 cum
881 771 994 836 6616116
1017 771 1073 836 ubi
1094 772 1133 836 de
1154 771 1251 836 Dolo-

11 869 12 896 1
134 869 219 934 bella
248 870 464 952 persequendo
498 875 612 952 agatur
643 871 757 938 collato
789 871 850 937 hoc
878 871 959 938 effici
985 873 1032 939 illi
1059 874 1128 938 viro
1156 873 1250 940 docto

133 972 268 1050 ridetur,
291 971 474 1037 0166161611
496 972 535 1037 de
557 991 636 1039 eoa
655 973 775 1038 Bruto
787 974 1002 1055 persequendo
1017 993 1187 1055 numquam
1202 993 1250 1042 se·

132 1075 182 1138 rio
215 1075 378 1155 cogitasse,
410 1074 525 1138 falsum
557 1093 631 1156 ergo
664 1093 733 1140 esse
765 1076 851 1156 quod
881 1077 1031 1143 hocloco
1054 1077 1248 1159 tradatur1).

133 1175 250 1240 Parum
272 1181 377 1241 autem
397 1177 431 1240 in
452 1177 511 1242 hac
532 1195 566 1242 re
588 1180 765 1258 temporum
779 1177 904 1244 videtur
918 1179 1074 1244 rationem
1088 1178 1249 1259 habuisse,

134 1295 268 1359 quorum
300 1279 429 1344 minima
460 1295 585 1360 quoque
616 1283 777 1344 momenta
803 1275 955 1360 quantum
977 1281 1011 1344 in
1033 1280 1109 1346 belli
1130 1280 1249 1346 vicissi-

132 1381 296 1448 tudinibus
317 1381 444 1446 valeant
464 1382 505 1446 ad
526 1380 657 1458 consilia
679 1385 711 1446 61
733 1381 884 1463 capienda
905 1387 937 1448 et
958 1369 1063 1448 danda
1092 1384 1248 1448 neminem

131 1483 223 1563 fugit.
257 1485 361 1564 Atque
383 1482 467 1563 quod
488 1501 527 1548 ex
549 1483 692 1548 oratione
713 1482 795 1548 Phil.
811 1481 1106 1567 Xextremaffiid)
1118 1485 1248 1553 haecde

131 1585 232 1650 Bruto
255 1584 363 1650 affert:
397 1601 604 1668 „operamque
625 1585 689 1664 det,
711 1589 748 1649 ut
769 1604 840 1650 cum
861 1586 925 1650 suis
947 1587 1046 1668 copiis
1067 1605 1161 1668 quum
1175 1605 1247 1668 pro-

131 1688 216 1752 xime
237 1685 362 1751 Italiam
379 1686 446 1765 sit“,
468 1686 547 1750 nihil
568 1687 609 1750 ad
630 1705 696 1752 rem
719 1687 758 1752 de
773 1706 835 1769 qua
849 1688 952 1768 agitur
965 1689 1133 1769 pertinent.
1164 1689 1248 1756 Nam
1278 1739 1281 1748 .

131 1789 286 1854 nihildum
313 1789 351 1853 de
380 1789 536 1855 Trebonio
570 1791 673 1857 occiso
706 1791 849 1856 anditum
877 1797 945 1857 erut
967 1808 1069 1872 neque
1091 1791 1130 1856 de
1150 1792 1248 1858 Dola·

130 1893 217 1958 bella
243 1891 329 1958 aliud
350 1891 516 1973 quicquam
537 1892 599 1956 nisi
620 1911 691 1958 enm
712 1893 746 1957 in
768 1893 889 1974 Syriam
910 1893 1088 1975 proiectum
1110 1911 1187 1973 6666,
1210 1897 1246 1958 61

133 1992 240 2060 Cassio
263 1994 443 2058 succederet
452 1993 495 2075 2).
525 1995 597 2060 Toti
618 2000 723 2060 autem
747 1995 883 2060 orationi
903 1996 949 2059 illi
971 1996 1050 2060 nihil
1072 1997 1246 2063 alluderet

130 2099 336 2180 propositum,
359 2097 419 2161 nisi
439 2101 475 2160 ut
496 2115 577 2178 qnae
599 2115 655 2162 suo
678 2097 809 2164 consilio
830 2097 978 2178 gessisset
998 2097 1116 2162 Brutus
1139 2116 1176 2162 66
1197 2115 1246 2162 66-

129 2207 224 2268 16166
251 2201 440 2266 auctoritate
468 2197 737 2278 confirmarentur,
765 2204 863 2280 atque
886 2199 938 2264 hic
959 2200 992 2263 in
1014 2217 1092 2282 quas
1113 2201 1244 2266 invasis·

129 2309 178 2368 661
205 2302 383 2384 provincias
411 2319 465 2366 eas
486 2318 544 2385 pro
567 2303 693 2367 consule
716 2301 873 2366 obtineret
893 2302 1105 2382 retineretque
1127 2303 1244 2368 exerci-

129 2409 197 2473 tum
230 2421 323 2485 quem
357 2408 580 2485 comparasset.
623 2404 715 2482 Quod
744 2421 806 2485 quo
838 2404 952 2468 iustius
975 2402 1074 2482 fieret,
1096 2402 1156 2468 hoc
1179 2421 1244 2469 mo-

11 2559 13 2568 ,
131 2507 200 2570 1611
221 2505 330 2570 016616
352 2506 488 2570 maximo
511 2523 583 2569 enm
603 2505 672 2570 fore
693 2506 805 2570 ltaliae
825 2507 982 2587 praecido.
1005 2542 1046 2553 -
1069 2506 1148 2571 Tum
1169 2523 1244 2572 vero

133 2608 235 2674 miseri
255 2609 302 2674 illi
328 2608 443 2689 perlati
472 2612 546 2671 sunt
567 2608 669 2671 nuntii
689 2607 887 2674 Dolabellam
908 2608 942 2673 in
964 2609 1072 2673 Asiam
1093 2609 1245 2690 irrupisse

11 2719 12 2742 ¹
131 2709 382 2790 Treboniumque
414 2727 471 2790 per
502 2708 644 2774 fraudem
676 2709 889 2776 crudelissime
916 2711 1077 2776 occidisse.
1121 2710 1244 2787 Quibus

129 2812 261 2892 cognitis
285 2830 356 2877 cum
377 2809 544 2874 Dolabella
563 2810 663 2874 hostis
683 2810 841 2888 iudicatus
863 2816 955 2890 esset,
977 2812 1119 2893 proximo
1142 2812 1244 2878 diade

128 2915 212 2981 bello
244 2932 315 2980 cum
337 2933 375 2980 eo
397 2912 534 2994 gerendo
556 2912 787 2978 decernendum
809 2917 886 2978 6161.
920 2912 1013 2990 Quod
1033 2913 1150 2978 bellum
1172 2931 1243 2981 eum

128 3017 183 3082 alii
214 3017 338 3100 privato
367 3016 471 3095 alicui,
495 3015 549 3080 alii
570 3015 750 3080 consulibus
771 3015 941 3096 gerendum
964 3016 1039 3082 dere
1060 3016 1242 3096 voluissent,

129 3117 237 3184 Cicero
259 3119 407 3184 nimirum
428 3120 555 3192 veritus,
577 3136 617 3182 ne
639 3123 773 3200 utraque
794 3118 916 3184 ratione
938 3118 978 3184 de
998 3119 1097 3182 Bruto
1121 3117 1244 3184 61066-

127 3223 174 3286 sio
205 3222 323 3302 aliquid
351 3221 512 3303 copiarum
539 3225 571 3284 et
598 3219 703 3300 opium
729 3219 956 3300 detraheretur,
980 3239 1050 3284 eam
1072 3220 1150 3284 dixit
1171 3237 1241 3284 sen·

127 3325 268 3400 tentiam,
293 3328 331 3387 ut
350 3324 384 3388 id
405 3323 570 3406 imperium
593 3328 664 3403 ,aut
685 3323 725 3386 ed
745 3321 790 3387 M.
811 3322 947 3389 Brutum
969 3328 1024 3388 661
1045 3323 1085 3390 ad
1108 3320 1142 3387 O.
1166 3320 1241 3388 Oas-

127 3427 207 3490 sium
228 3430 284 3491 ant
305 3425 349 3490 ad
367 3424 550 3505 utrumque
572 3423 756 3490 deferretur.
790 3424 907 3489 Tamen
929 3425 1014 3505 qnod
1028 3425 1119 3489 Bruti
1134 3424 1241 3506 copias

126 3527 238 3594 ltaliae
259 3527 398 3594 subsidio
421 3545 489 3592 6666
510 3525 692 3604 voluissent,
710 3527 1055 3609 atqneAntoniuseum
1067 3527 1161 3592 etiam
1173 3532 1241 3592 tum

127 3630 285 3708 retineret,
307 3630 406 3711 ipsius
426 3629 576 3694 iudicium
588 3645 656 3695 esse
666 3628 767 3694 voluit
781 3630 820 3694 de
833 3629 1001 3695 Dolabella
1012 3629 1243 3711 persequendo,

127 3732 154 3796 si
174 3732 312 3796 Antonio
335 3736 426 3815 capto
448 3731 482 3795 id
504 3748 597 3811 quam
618 3731 651 3794 11
674 3728 807 3796 Graecia
828 3749 862 3797 se
883 3749 1011 3796 manere
1033 3733 1103 3814 plus
1125 3732 1238 3813 reipu-

11 3897 13 3960 3
126 3833 235 3898 blicae
259 3833 459 3915 profuturnm
490 3833 705 3899 intellexisset.
749 3833 828 3898 Cum
861 3837 966 3898 autem
993 3834 1033 3898 de
1055 3833 1164 3900 Cassio
1187 3853 1240 3902 ee·

228 4072 251 4140 ¹)
270 4069 317 4125 Gir
335 4070 363 4124 ll.
382 4070 462 4126 modo
481 4086 520 4126 cc.

228 4157 251 4224 ²)
269 4153 317 4209 Cir
334 4170 378 4225 ep.
395 4154 429 4208 ad
447 4155 509 4210 fam.
528 4157 582 4210 XII
599 4157 624 4222 4,
641 4157 665 4210 2.
