3048 4850
1168 271 1209 348 le

139 454 323 533 monuimus,
356 457 412 520 aut
442 471 522 522 varo
544 471 616 525 cum
642 455 768 537 Morere
801 459 902 530 totam
930 455 1095 537 epistolam
1122 456 1251 534 talemiq

17 563 18 570 ’
139 555 758 639 cridamadiudiqalrimue21).-··Nobie
778 557 968 638 verbaliter
988 557 1135 626 videntur
1155 558 1253 638 verba

137 657 191 729 illa
213 657 371 727 Ciceronis
392 676 465 730 esee·
487 659 683 741 explicanda.
734 659 812 727 Post
844 659 974 740 longam
1004 659 1132 734 tardem
1165 661 1252 738 meq-

138 779 243 826 rarum
267 761 533 826 intermissionem
557 759 666 835 Cicero
699 761 832 843 primam
858 780 879 828 a
905 762 1008 830 Brute
1037 761 1132 834 modo
1164 780 1253 833 accen

137 868 227 944 perat
248 863 424 945 epistolam,
444 862 478 928 in
492 880 555 944 qua
570 863 621 929 bic
636 881 708 933 cum
722 865 894 932 multarum
909 881 1014 935 rerum
1031 868 1130 946 atquc
1142 883 1252 930 earum

138 965 263 1047 quidem
284 965 412 1034 maximi
426 964 576 1032 momenti
590 964 710 1036 lecerat
724 965 925 1045 mentionem,
946 970 1019 1032 tum.
1032 965 1148 1036 diserte
1162 967 1253 1044 illmq

137 1072 312 1148 rogaverat,
335 1071 372 1132 et
392 1067 453 1132 sibi
474 1072 506 1136 et
528 1067 693 1136 consilium
713 1059 814 1137 suum
826 1068 996 1149 explicaret
1018 1073 1050 1137 et
1071 1068 1172 1144 rebus
1187 1069 1253 1141 aab

138 1187 229 1250 opem
249 1169 355 1236 ferret.
388 1170 441 1236 Ad
459 1169 540 1238 baca
555 1187 626 1235 cum
643 1187 725 1251 quae
740 1169 927 1239 rescriberet
942 1171 1098 1250 permulta
1108 1170 1253 1252 baberet¹

137 1275 325 1353 potestatem
356 1289 430 1341 mox
460 1271 653 1339 rescribendi
684 1271 872 1353 necopinato
904 1276 1016 1341 naetus
1042 1272 1145 1343 noluit
1170 1272 1254 1347 baba

137 1374 296 1452 omittere.
318 1374 393 1442 licet
419 1391 490 1456 pre
515 1374 757 1454 gravissimis
783 1373 903 1440 rebus,
925 1374 1163 1456 maximeque
1188 1391 1254 1443 nea

137 1476 317 1548 cessariis
350 1495 372 1544 a
400 1477 501 1546 Brute
533 1478 784 1547 commemoratis
815 1495 1067 1558 unamquamque
1094 1477 1254 1558 attingere

136 1578 237 1647 solum
258 1577 428 1660 paucisque
448 1579 662 1660 perstringere
681 1584 855 1661 cogeretur.
886 1578 1002 1660 Imque
1020 1580 1048 1646 si
1068 1579 1170 1648 minue
1192 1598 1250 1662 per

135 1697 180 1758 se,
202 1685 238 1746 at
257 1697 315 1764 pro
337 1681 542 1749 multitudine
559 1699 665 1748 rerum
682 1687 715 1748 et
728 1682 915 1753 necessitate
932 1682 1252 1764 carcerqpaululum‘t

134 1785 262 1850 tantem
281 1783 454 1850 rescribere
478 1783 541 1851 ,sibi
567 1784 663 1851 licere
686 1784 788 1850 risum
815 1787 864 1850 est
886 1783 1042 1850 ciceroni„
1093 1784 1199 1866 Atque
1218 1785 1255 1860 'aa

135 1884 267 1965 singubs
294 1887 469 1960 tractandis
500 1886 577 1952 satis
604 1886 771 1967 apparebit
797 1887 838 1954 ad
864 1903 1116 1967 unamquamque
1141 1903 1255 1961 reme

134 1987 235 2054 Bruto
247 1993 523 2058 commemoratam
535 1987 718 2056 Ciceronem
728 1993 876 2057 accurate
885 1989 1013 2070 quidem
1025 1989 1253 2060 mommcriue

134 2095 242 2159 tamen
263 2095 295 2156 et
317 2091 492 2160 contortius
518 2091 701 2169 rescribere,
726 2107 820 2172 quam
847 2089 1032 2172 plemmque
1056 2090 1254 2162 comeatum

135 2193 203 2262 eius
223 2192 297 2260 fert

239 2295 258 2380 §
279 2299 310 2364 2.
341 2297 484 2364 Primum
503 2296 614 2364 dicero
637 2297 678 2364 rd
699 2314 739 2362 eu
758 2295 928 2378 respondet
949 2312 1032 2377 quae
1051 2295 1168 2363 Brutus
1187 2300 1254 2366 ter-⁴

134 2399 181 2464 tic
215 2415 291 2464 suae
323 2399 474 2480 epistolae
506 2399 576 2466 loco
605 2400 644 2464 de
672 2397 779 2464 Cassio
803 2397 980 2479 scripserat.
1023 2398 1102 2466 Erat
1123 2397 1254 2479 quidem

134 2519 186 2568 res
206 2499 350 2568 Ciceroni
370 2501 473 2569 tribus
493 2501 605 2568 diebus
626 2506 701 2570 arte
721 2501 849 2568 Lentuli
870 2499 1021 2581 litterie‘2)
1038 2501 1174 2582 cognita,
1192 2501 1252 2573 aad

139 2621 208 2670 eum
238 2622 294 2686 per
320 2621 356 2670 se
380 2604 551 2672 laetissime
576 2609 655 2684 erat,
683 2608 750 2673 tum
777 2605 820 2672 ad
847 2601 1028 2676 Ciceronem
1055 2609 1185 2685 propter
1211 2619 1255 2678 aa,

237 2792 259 2857 ¹)
284 2790 450 2858 Plerumque
470 2790 567 2844 Cicero
585 2790 615 2844 in
633 2789 768 2844 brevitate
793 2789 972 2857 epistolarum
995 2803 1107 2845 suarum
1131 2806 1253 2850 comme-

134 2875 268 2930 moranda
283 2873 478 2944 haudquaqum
497 2873 593 2929 eadem
618 2889 684 2928 usus
708 2879 750 2928 est
773 2871 920 2944 diligentia
942 2889 1023 2942 quam
1047 2876 1073 2929 ei
1097 2877 1139 2930 rei
1162 2874 1249 2929 tribui

132 2961 231 3015 volunt
247 2967 357 3016 nestrae
376 2961 475 3015 aetatis
494 2960 592 3014 critici.
629 2959 714 3013 Cuius
732 2960 774 3014 rei
797 2965 832 3012 ut
846 2957 928 3027 plura
945 2958 1096 3012 afferantur
1113 2959 1248 3030 exempla,

132 3047 275 3116 inprime
300 3061 342 3116 ep.
370 3046 407 3101 ad
433 3047 488 3100 Aa.
511 3045 551 3099 llI
576 3045 608 3099 17
634 3046 676 3100 sic
703 3045 813 3099 scribit:
839 3043 1068 3113 «Properautibus
1093 3044 1249 3100 tabellariis

132 3133 235 3188 alienis
252 3133 323 3186 harre
341 3131 486 3201 epistolam
503 3129 582 3186 dedic
609 3146 641 3186 eo
668 3131 781 3186 brevior
796 3134 847 3187 ut,
873 3134 901 3184 ct
924 3129 997 3198 qued
1020 3145 1095 3186 eram
1113 3131 1254 3188 missuras

107 3217 110 3224 '
133 3225 266 3274 nostroe».
283 3218 386 3273 Tamen
405 3231 438 3274 oa
456 3217 578 3286 epistole
594 3215 692 3273 eadem
702 3221 747 3274 est
757 3213 934 3286 longitudine
947 3231 1001 3286 qua
1013 3215 1065 3275 ills
1076 3216 1154 3270 cuius
1166 3214 1250 3270 modo

132 3304 303 3360 mentionem
320 3302 445 3358 fecimus.
480 3302 555 3372 Quae
573 3317 638 3358 uero
656 3301 774 3370 epistole
791 3301 938 3368 (Arrlte)
956 3301 996 3357 sic
1008 3301 1119 3370 incipit:
1137 3315 1249 3358 «vereor

132 3404 169 3442 ne
187 3387 314 3458 putidum
332 3379 368 3441 sit
385 3387 507 3442 scribere
526 3386 560 3440 ad
582 3392 617 3452 te,
644 3401 724 3454 quam
750 3385 801 3440 sim
827 3390 987 3454 occupatus,
1014 3384 1063 3441 sed
1090 3391 1182 3441 tamen
1208 3385 1248 3439 ita

132 3472 297 3538 distinebar,
315 3477 349 3526 ut'
363 3471 428 3526 huic
446 3472 491 3525 rix
509 3470 634 3525 tantulae
656 3471 792 3539 epistolae
815 3475 924 3540 tempus
950 3469 1094 3526 habuerim
1113 3475 1194 3539 atque
1217 3469 1248 3525 ld

132 3561 258 3626 ereptum
277 3571 292 3611 e
311 3557 423 3612 summis
441 3555 686 3625 occupationibus»
708 3583 740 3605 2-
768 3569 801 3610 ea
826 3555 915 3609 ribllo
943 3555 1033 3610 minna
1059 3555 1146 3610 altero
1169 3560 1246 3610 tanto

133 3655 215 3709 quam
231 3641 301 3696 baec
320 3639 356 3696 de
373 3656 429 3710 qua
443 3642 536 3709 agitur
550 3639 661 3708 longior
684 3646 733 3696 an.
768 3641 861 3698 Paene
887 3639 963 3700 idam
987 3640 1017 3698 irr
1042 3640 1188 3710 epistolam
1210 3641 1250 3698 ad

131 3725 194 3784 fam.
214 3727 256 3782 Ill
273 3726 288 3782 l
307 3727 389 3793 cadit
408 3727 531 3798 quamvis
548 3726 617 3781 brec
635 3725 724 3798 prima
742 3726 799 3780 sint
815 3725 912 3781 verba:
942 3724 1083 3794 cpluribus
1100 3725 1192 3786 uerbis
1210 3726 1246 3785 ed

132 3817 160 3866 te
179 3812 306 3877 scribam,
324 3828 386 3866 cum
403 3812 466 3882 plus
485 3809 535 3866 otii
553 3815 649 3864 nactus
668 3825 722 3865 ero.
762 3811 837 3866 Haec
856 3810 954 3879 scripsi
972 3809 1061 3864 subito
1072 3840 1103 3849 —
1115 3832 1134 3863 r.
1160 3811 1247 3866 Deni-

133 3911 186 3963 que
203 3896 233 3950 in
251 3897 379 3965 sequenti
398 3895 516 3966 epistole
538 3893 714 3962 (iam.1118‚
733 3895 762 3964 1)
787 3895 856 3950 baec
875 3899 950 3949 sunt:
977 3893 1150 3949 «iaciendum
1176 3897 1248 3952 mihi

131 3981 233 4050 putavi.
256 3986 288 4035 ut
305 3981 361 4035 tuis
382 3981 484 4035 litteris
506 3980 583 4035 brevi
604 3978 824 4049 responderem»,
851 3979 901 4034 sed
927 3981 989 4048 ipsa
1014 3979 1133 4048 epistola
1160 3981 1246 4036 etiam

134 4064 240 4120 duabus
257 4066 383 4135 partibus
400 4066 512 4120 uberior
530 4071 573 4120 est
591 4064 767 4132 querebare,
786 4063 821 4119 de
837 4079 892 4132 qrm
908 4079 982 4118 nunc
1002 4065 1116 4132 agimur.

233 4150 257 4219 ²)
275 4149 322 4205 Gir
339 4165 381 4218 ep.
401 4150 460 4203 112
484 4151 508 4204 3.
