3082 4856
305 289 353 354 ὅθ

365 477 454 554 Qme
474 481 579 542 euntem
600 477 634 542 in
655 483 797 544 extreme
817 476 952 557 epistole
972 476 1126 543 Lentulus
1150 475 1259 542 scribit
1292 474 1330 559 (ξ
1346 474 1385 555 8).

263 576 379 661 7111111111
399 582 499 658 tunm,
531 579 573 644 ui
605 579 738 646 Brutum
761 595 832 645 cmn
853 578 934 658 veni,
968 580 1075 645 videre
1101 595 1166 644 nun
1186 578 1287 662 poturi,
1308 578 1378 644 ideo

262 680 352 761 quem
369 681 432 746 ium
452 681 486 745 in
506 680 641 746 hiberno
661 700 732 747 cum
754 681 912 764 equititus
935 687 1003 746 eret
1031 681 1201 763 proiectus,
1233 680 1290 746 sed
1316 697 1389 745 me·

263 781 339 848 ‹Bus-
365 780 463 847 fidius
493 801 531 848 eu
563 801 632 848 esse
664 801 736 849 eum
767 783 918 864 opinione
949 787 984 848 et
1002 788 1063 848 tue
1091 788 1124 848 et
1153 783 1252 865 ipsius
1284 788 1316 848 et
1347 781 1389 846 in=

263 884 372 966 primis
393 901 465 950 mee
485 903 581 950 cause
601 885 739 966 gaunon:
772 884 881 949 fratris
902 885 985 949 enim
1005 885 1075 950 loco
1097 885 1177 948 milri
1196 889 1245 949 est
1267 884 1321 965 qui
1343 900 1387 948 en

262 991 299 1053 te
333 991 427 1052 uetus
462 992 558 1068 teque
593 987 707 1068 diguus
744 986 828 1066 est“,-
870 1005 942 1051 nrm
979 986 1167 1052 Muriuleudo
1193 985 1388 1069 probassent·-

262 1088 345 1156 hunc
376 1089 543 1170 epistolem
575 1090 707 1171 primam
742 1107 811 1154 esse
837 1108 858 1154 u
883 1089 1018 1155 Lentulo
1040 1091 1082 1155 nd
1104 1088 1287 1154 Cicerone·
1308 1092 1383 1170 post

262 1191 398 1256 Brutum
409 1197 599 1256 conventum
607 1194 744 1272 missum,
757 1193 959 1257 Hermumnus
971 1190 1039 1258 fieri
1056 1193 1197 1276 potuisse
1206 1190 1381 1273 respondit

262 1298 306 1358 ut.
325 1293 378 1358 ille
406 1292 551 1358 Ciceroni
575 1296 768 1360 mentionem
794 1293 851 1358 filii
877 1294 911 1357 in
937 1295 1097 1376 prioribus
1123 1294 1237 1360 litteris
1258 1293 1383 1358 deside·

262 1396 350 1464 rnnu
367 1401 445 1462 tunc
465 1398 592 1462 demum
612 1399 690 1463 hnee
710 1397 908 1464 rescriberet.
949 1399 1003 1477 At,
1031 1399 1058 1464 si
1086 1399 1163 1480 quid
1188 1396 1291 1474 uduo,
1318 1413 1391 1460 non·

262 1497 316 1564 ite
329 1499 409 1564 haec
429 1499 547 1580 scripte
568 1504 653 1577 sunt
675 1501 765 1581 quusi
787 1501 872 1581 quod
893 1505 967 1566 unte
987 1501 1178 1582 neglexisset
1195 1517 1216 1564 e
1231 1497 1383 1564 Cicerone

263 1601 402 1668 monitus
420 1602 472 1665 sui
494 1602 664 1666 excusandi
686 1619 781 1667 causo
801 1603 862 1666 hoo
876 1601 1077 1668 rescriberet:
1100 1621 1140 1667 ne
1156 1600 1383 1681 locusquidem

262 1703 298 1768 in
334 1709 483 1770 extreme.
512 1705 646 1785 epistole
689 1723 761 1770 cnm
803 1705 863 1770 hec
905 1705 1029 1771 ratione
1072 1705 1226 1786 congruit.
1280 1703 1381 1769 Immo

263 1804 342 1870 haec
362 1804 448 1870 ultro
470 1806 631 1886 scripsisse
652 1807 779 1872 videtur
801 1811 834 1871 et
855 1808 966 1872 ceteris
981 1825 1063 1889 quse
1079 1807 1128 1872 sui
1143 1806 1380 1872 commendandi

264 1921 360 1974 mures
381 1908 577 1990 explicasset,
599 1913 636 1974 ut
657 1911 796 1976 aninum
819 1909 978 1976 Ciceronis
993 1911 1263 1976 studiosissimum
1279 1913 1375 1974 osten·

264 2011 363 2089 deret,
386 2010 564 2077 subiecisse.
616 2011 707 2090 Quod
740 2019 847 2078 eutem
877 2015 938 2079 huc
970 2014 1096 2079 demum
1128 2013 1262 2093 epistole
1293 2010 1375 2076 (liee-

263 2113 350 2180 ronis
371 2111 427 2178 filii
448 2116 641 2181 mentionem
661 2116 747 2196 fecit
773 2117 848 2184 inde
875 2117 953 2182 milri
975 2116 1184 2198 colligendum
1206 2131 1275 2179 esse
1296 2113 1380 2178 vide

263 2220 318 2282 tur.
349 2216 520 2283 lentulum
550 2218 688 2298 priorem
719 2219 806 2284 illum
839 2220 1004 2301 epistolem
1036 2237 1101 2284 non
1127 2222 1200 2299 post
1226 2217 1283 2280 sed
1308 2221 1384 2280 ente

264 2335 359 2398 quum
390 2318 531 2384 Brutum
557 2320 753 2385 conuenisset
785 2321 915 2386 consilio
947 2337 1022 2385 vero
1055 2320 1146 2384 Bruti
1179 2318 1386 2383 eonveniendi

262 2419 327 2484 ineu
350 2423 451 2500 rupto,
475 2421 703 2501 cumprimum
725 2421 825 2485 laetos
847 2423 919 2486 illos
947 2423 987 2488 de
1010 2421 1127 2488 Ounno
1144 2422 1272 2486 nuutios
1295 2439 1385 2486 aoce-

263 2521 372 2603 pisset,
395 2538 433 2586 en
454 2519 531 2586 Asia
552 2523 601 2586 nd-
615 2521 808 2588 Giceronem
821 2523 952 2588 misisse.

366 2622 430 2688 Alii
455 2623 491 2688 in
511 2641 548 2688 eo
573 2623 780 2704 offenderunt,
805 2626 890 2707 quod
917 2624 1027 2690 cicero
1050 2623 1133 2689 filius
1160 2626 1193 2689 in
1216 2625 1385 2708 „hibernu“

263 2725 424 2807 proiectus
451 2741 519 2790 esse
546 2726 670 2806 dicitnr,
704 2745 775 2793 cum
807 2727 975 2792 Lentulum
996 2743 1071 2791 vere
1100 2728 1164 2791 iem
1191 2727 1387 2808 procedente

262 2827 397 2894 Brutum
414 2829 595 2896 convenisse
613 2833 745 2895 constet.
789 2830 902 2912 Ituque
916 2830 1079 2894 Manutius
1095 2836 1126 2894 et
1141 2829 1325 2895 Wielundus
1343 2829 1385 2894 de

263 2930 370 3012 priore
380 2949 463 2996 enno
476 2938 617 2998 extremo
629 2933 778 3014 cogitent,
787 2951 854 3014 ,quo
864 2938 1009 3014 tempore
1024 2931 1070 2996 illi
1081 2932 1215 2996 Athenis
1229 2949 1384 2996 convene·

263 3037 351 3114 rent3
368 3035 424 3100 sed
434 3035 795 3117 rectemonetMeyerns
806 3053 920 3100 neuno
933 3035 1059 3117 quidem
1070 3034 1166 3099 verbo
1178 3035 1257 3100 haec
1268 3034 1308 3098 ab
1319 3033 1385 3098 illis

262 3135 510 3218 ducentenas
531 3137 565 3201 in
586 3138 688 3219 prima
709 3137 844 3218 epistole
865 3137 905 3201 de
926 3137 1069 3217 proximo
1091 3136 1217 3203 Lentuli
1233 3140 1265 3201 et
1291 3135 1386 3199 Bruti
1447 3157 1456 3178 ·

263 3244 420 3304 conventu
437 3244 731 3305 commemorentur.
763 3239 837 3320 Ipse
853 3239 905 3303 hie
925 3240 973 3302 vir
996 3239 1108 3303 doetus
1129 3239 1162 3302 in
1182 3238 1279 3303 verbo
1296 3236 1386 3318 quod

263 3345 321 3406 est·
344 3341 508 3419 „nibemu
542 3341 603 3406 loni
635 3342 740 3406 nescio
769 3341 857 3406 cuius
889 3341 988 3409 lutere
1020 3359 1144 3406 nomen*
1161 3340 1383 3421 suspicatum).

263 3443 333 3522 ugo
354 3461 430 3508 vero
452 3443 513 3508 hoc
533 3443 667 3508 uerbum
687 3443 808 3507 nullam
824 3443 942 3508 hebere
958 3442 1178 3508 difficultatem
1193 3447 1285 3524 puto;
1306 3457 1383 3506 num

264 3543 502 3628 „hibernorum
514 3545 611 3610 verbo
622 3545 774 3610 Lentulus
796 3545 947 3610 hocloco
970 3546 1083 3610 eodem
1099 3545 1168 3608 iure
1184 3545 1295 3624 utitur,
1318 3561 1382 3624 quo

261 3647 332 3730 ipse
352 3646 461 3714 Cicero
490 3648 523 3711 in
551 3648 685 3729 epistole
711 3649 753 3712 ed
779 3648 918 3713 Atticum
951 3647 1085 3729 (11119,
1110 3647 1143 3729 1)
1175 3647 1277 3728 pridie
1309 3645 1382 3710 Kal.

263 3752 388 3833 Apriles
399 3751 483 3831 dete,
496 3749 679 3833 „delectus“‚
696 3750 808 3832 inquit,
833 3751 1016 3835 „habentne
1038 3751 1077 3813 in
1099 3749 1263 3814 hiberna
1284 3745 1393 3813 dedu?

264 3854 404 3919 cuntur“.
448 3855 552 3936 Atque
574 3854 726 3919 memoria
747 3855 919 3919 tenendum
951 3857 1000 3917 est
1025 3854 1160 3918 Brutum
1192 3869 1248 3933 per
1279 3855 1383 3917 totam

262 3953 328 4020 iere
348 3956 483 4021 hiemem
505 3955 657 4022 militasse
678 3974 780 4038 neque
803 3961 877 4021 ante
899 3953 933 4020 (l.
955 3955 1129 4020 Antonium
1151 3959 1278 4036 ceptum
1299 3953 1383 4017 ullus

366 4181 389 4249 ¹)
414 4181 432 4234 1.
450 4197 472 4235 c.
491 4196 517 4250 p.
534 4179 576 4234 49.
