3048 4850
310 217 524 330 ,1011

317 422 445 486 consilio
482 421 573 485 datae
609 423 672 487 siut
706 423 797 487 Bruti
833 423 970 502 litterae;
1007 441 1107 504 neque
1141 424 1223 487 euim
1259 423 1411 504 quicquam

317 523 356 587 de
378 541 415 588 ea
436 541 472 587 10
493 541 511 586 a
533 523 683 588 Cicerone
704 524 848 604 traditur,
872 525 905 589 id
927 525 1011 606 quod
1034 526 1149 609 optime
1173 543 1242 591 cum
1255 525 1293 588 iis
1312 542 1411 590 couve-

316 625 363 688 nit
395 643 474 706 quae
506 625 606 706 prima
633 626 764 706 epistola
797 627 973 708 scripserat.
1015 627 1086 692 Kal.
1115 627 1212 708 April.
1240 627 1356 692 Brutus
1379 628 1412 692 ad

317 725 497 791 Ciceronem
519 727 680 806 epistolam
708 727 835 791 miserat
863 728 910 812 (ll
935 727 981 811 3),
1005 747 1084 809 quae
1111 747 1181 794 cum
1203 748 1231 793 a.
1254 729 1284 792 d.
1306 727 1411 792 1111u.

315 828 437 908 vesperi
458 827 579 909 perlata
599 829 649 907 sit,
673 829 822 911 sequitur,
845 829 1104 909 hanc'publicam
1131 831 1293 913 epistolam
1315 830 1412 894 Idibus

316 927 407 993 mane
418 929 545 992 allatam
556 947 618 992 uno
629 929 678 992 vel
695 931 828 994 maxime
844 930 966 994 duobus
982 931 1090 996 diebus
1106 937 1177 1014 post
1191 931 1276 995 illam
1291 950 1310 996 a
1324 931 1411 996 Bruto

316 1029 421 1092 datam
454 1047 530 1094 esse.
570 1029 689 1110 'Itaque
723 1030 929 1112 colligendum
962 1037 1010 1096 est
1043 1052 1116 1112 rem,
1156 1050 1217 1113 qua
1252 1038 1412 1097 commotus

315 1132 496 1196 brevissimo
523 1133 577 1197 illo
610 1135 758 1213 temporis
791 1134 891 1216 spatio
923 1133 1038 1200 iterum
1066 1135 1264 1200 tabellarium
1292 1136 1412 1200 Romam

316 1233 464 1312 mitteret,
487 1239 542 1298 aut
563 1253 677 1298 novam
700 1236 856 1316 quandam
879 1242 911 1300 ot
937 1237 1136 1318 improvisam
1162 1237 1259 1302 fuisse
1287 1243 1342 1302 aut
1369 1238 1412 1302 ali·

315 1353 376 1415 quo
399 1337 491 1400 modo
513 1336 546 1399 iu
566 1336 621 1398 illa
642 1335 742 1415 pridie
764 1337 814 1401 vel
835 1338 931 1401 biduo
954 1342 1027 1402 ante
1055 1339 1129 1402 data
1156 1339 1219 1402 iam
1241 1355 1309 1402 esse
1331 1339 1413 1420 signi·

314 1435 447 1502 ficatam.
493 1437 571 1504 Cum
592 1444 698 1502 autem
718 1439 796 1502 illud
817 1440 850 1502 in
871 1440 1027 1522 publicam
1051 1441 1215 1523 epistolam
1236 1459 1300 1506 uon
1323 1442 1412 1518 cadat,

316 1540 456 1604 -nihil
482 1539 563 1604 enim
591 1539 742 1604 eiusmodi
768 1541 800 1604 in
828 1541 887 1604 hac
915 1541 1073 1606 Ciceronis
1102 1541 1234 1622 epistola
1259 1541 1412 1620 indicatur,

315 1677 354 1686 -
388 1641 427 1704 de
452 1641 506 1704 illa
538 1659 617 1722 quac
650 1647 697 1705 est
729 1643 770 1705 ad
803 1641 984 1708 Ciceronem
1016 1645 1132 1724 scripta
1165 1643 1334 1711 videndum
1366 1649 1412 1710 cst

316 1743 415 1822 Quam
437 1743 464 1805 11
486 1760 556 1806 oum
580 1742 639 1807 hac
667 1741 705 1806 de
728 1762 789 1824 qua
809 1762 892 1808 nuuc
913 1745 1016 1824 agitur
1038 1747 1333 1828 comparaverimus,
1360 1765 1412 1811 uon

264 1917 267 1924 ¹
314 1843 534 1922 dubitabimus,
558 1845 632 1927 quin
654 1862 747 1908 causa
769 1845 919 1927 epistolae
941 1851 1006 1911 tam
1027 1848 1121 1928 paulo
1145 1853 1217 1929 post
1232 1848 1344 1912 iterum
1359 1849 1411 1911 Ro-

314 1963 396 2012 mam
417 1946 586 2010 mittendae
608 1946 656 2010 his
678 1945 768 2011 Bruti
789 1947 892 2011 verbis
914 1948 1110 2020 contineatur
1128 1949 1159 2032 (ᾖ
1178 1949 1227 2030 2):
1254 1949 1409 2032 ,Antonius

314 2047 416 2111 adhuc
447 2053 494 2113 est
520 2049 696 2126 nobiscum;
725 2048 780 2112 sed
807 2047 1046 2114 mediusfidius
1075 2054 1107 2114 et
1135 2069 1262 2116 moveor
1292 2050 1412 2115 hominis

314 2150 457 2230 precibus
484 2154 516 2212 et
542 2149 635 2213 timeo
664 2167 703 2212 ne
725 2150 812 2213 illum
839 2151 1013 2232 aliquorum
1042 2151 1129 2216 furor
1155 2153 1304 2235 excipiat:
1331 2153 1413 2235 plane

315 2252 450 2316 aestuo“;
493 2251 541 2314 Ex
563 2251 610 2315 his
633 2251 715 2315 enim
738 2253 936 2332 cognoscitur
962 2252 1094 2317 Brutum
1117 2271 1180 2317 non
1207 2256 1308 2320 solum
1333 2255 1415 2320 lenis·

314 2353 390 2417 sime
413 2370 483 2416 cum
505 2353 640 2419 Antonio
668 2354 766 2434 egisse
794 2353 849 2418 sed
876 2360 908 2418 et
934 2355 1078 2435 precibus
1100 2355 1192 2418 huius
1218 2360 1339 2420 motum
1361 2355 1415 2438 qui,

314 2453 460 2517 nunirum
492 2459 528 2518 ut
559 2454 769 2518 dimitteretur
801 2459 907 2535 petere
926 2475 1002 2536 ,non
1034 2457 1198 2538 desineret,
1232 2461 1272 2537 et,
1306 2477 1345 2524 ne
1375 2476 1433 2522 se,

317 2555 435 2618 ditione
456 2553 540 2617 iacta
562 2555 744 2636 eriperetur,
772 2557 905 2620 veritum
932 2559 1033 2640 plane,
1061 2559 1136 2640 quid
1163 2559 1222 2624 sibi
1248 2559 1417 2625 faciendum

316 2661 407 2735 esset,
429 2655 584 2720 nesciisse.
612 2657 715 2737 Atque
736 2658 795 2722 hoc
811 2659 1011 2738 sequentibus
1026 2658 1226 2726 confirmatur
1240 2661 1302 2727 his:
1326 2661 1417 2744 ,quod

316 2757 344 2822 si
366 2757 475 2821 scirem
497 2757 572 2838 quid
593 2758 652 2824 tibi
674 2760 819 2842 placeret,
844 2761 910 2824 sine
933 2760 1141 2827 sollicitudine
1164 2781 1270 2844 essem,
1294 2763 1328 2828 id
1342 2765 1417 2828 euim

316 2860 468 2943 optimum
488 2859 574 2924 factu
596 2879 663 2926 esse
684 2879 867 2942 persuasum
891 2868 972 2927 esset
998 2864 1088 2928 mihi:
1119 2883 1214 2947 quare
1242 2885 1335 2948 quam
1361 2867 1418 2947 pri·

314 2981 399 3027 mum
418 2946 470 3026 'fac
491 2981 540 3026 me
562 2963 726 3028 certiorem
748 2965 823 3045 quid
843 2965 902 3028 tibi
923 2965 1070 3046 placeat“.
1114 2966 1225 3033 Primis
1247 2987 1320 3033 vero
1343 2969 1418 3033 eius·

315 3064 386 3128 dem
419 3064 569 3144 epistolae
595 3065 698 3128 verbis
731 3066 899 3146 scripserat
924 3067 1045 3136 litteras
1079 3066 1236 3133 Ciceronis
1267 3071 1357 3134 valde
1389 3088 1419 3133 se

314 3166 378 3231 iam
399 3169 588 3246 exspectare,
611 3184 688 3246 quas
710 3185 781 3230 cum
803 3167 905 3231 nullas
927 3168 1082 3250 acciperet
1096 3167 1128 3250 ¹),
1152 3170 1327 3237 sollicitudo
1347 3190 1418 3236 1010

315 3268 370 3332 illa
396 3268 619 3350 angustiaeque
646 3268 771 3332 indies
800 3274 997 3349 augerentur,
1026 3271 1188 3335 consilium
1215 3273 1243 3336 ei
1269 3274 1329 3354 ipsi
1354 3279 1420 3338 erat

233 3360 236 3368 ’
315 3369 509 3453 capiendum.
552 3371 655 3451 Atque
677 3369 709 3432 id
732 3370 893 3434 consilium
916 3372 1007 3453 cepit,
1037 3373 1121 3452 quod
1149 3378 1180 3437 et
1208 3392 1277 3438 cum
1299 3377 1361 3441 suis
1383 3377 1419 3439 de

316 3473 355 3536 de
377 3489 412 3535 10
433 3472 557 3552 publica
568 3469 752 3536 'rationibus
775 3472 954 3536 conveniret
971 3478 1003 3538 et
1017 3475 1161 3554 precibus
1177 3476 1306 3541 Antonii
1320 3478 1421 3559 aliqua

315 3579 463 3655 exparte
485 3573 679 3639 satisfaceret
701 3579 733 3638 et
754 3575 873 3638 animos
896 3579 1069 3640 ceterorum
1090 3577 1215 3644 interim
1237 3581 1372 3645 sedaret:
1390 3585 1420 3645 01

315 3677 382 3757 ipse
403 3676 444 3740 ad
458 3681 601 3740 senatum
622 3676 660 3740 de
683 3676 820 3741 Antonio
842 3677 964 3741 litteras
986 3677 1070 3743 misit
1086 3683 1117 3742 et
1131 3679 1212 3759 huic,
1228 3681 1312 3747 idem
1327 3687 1361 3747 ut
1376 3681 1421 3746 ia·

315 3782 409 3856 cerat,
432 3777 593 3842 concessit.

417 3880 459 3944 At
480 3879 617 3943 nondum
639 3879 715 3944 satis
741 3879 936 3962 perspicitur,
964 3899 1026 3961 qua
1052 3881 1173 3948 ratione
1200 3885 1334 3966 scriptae
1357 3885 1420 3949 siut

316 4015 517 4028 w—

418 4102 440 4168 ι)
458 4097 505 4154 Cir
522 4104 585 4154 anto
603 4115 628 4168 p.
647 4100 687 4154 59.
