3082 4856
1178 263 1220 328 47

43 447 46 452 “
130 449 244 516 animo
270 449 392 516 exstitit
418 450 452 515 in
479 468 546 515 rern
573 449 733 532 publicam
761 451 930 518 consulari.
975 451 1084 518 Talem
1110 452 1206 533 igitur
1232 456 1265 516 te

129 569 203 618 esse
228 557 364 632 oportet,
387 553 441 634 qui
461 553 599 634 primum
621 557 653 618 te
675 552 720 618 ab
741 553 945 636 impiorum
965 554 1104 656 civium
1118 554 1177 620 tui
1193 553 1266 618 dis-

130 655 423 722 simillimorum
445 656 644 722 societate
663 655 857 737 seiungas,
880 657 993 722 deinde
1016 661 1048 722 te
1071 657 1195 724 senatui
1209 656 1266 721 bo·

129 759 249 839 nisque
286 758 432 824 omnibus
466 764 631 825 auctorem
661 758 836 841 principem
872 759 985 843 ducem
1012 758 1175 840 praebeas,
1204 777 1266 841 po

33 863 34 870 ’
130 867 279 925 stremo
296 878 426 942 pacem
442 879 527 928 esse
543 861 692 928 iudices
708 879 784 927 non
806 861 845 926 in
866 862 983 928 armis
1005 861 1140 942 positis
1156 862 1213 928 sed
1233 862 1267 928 in

129 963 262 1030 abiecto
283 981 444 1030 armorum
466 969 499 1029 et
521 965 682 1030 servitutis
704 964 807 1030 metu“
830 983 858 1030 e.
881 983 911 1046 q.
927 981 952 1029 a.
976 955 1070 1028 ‘Num
1085 967 1212 1045 poterat
1227 964 1266 1032 de

129 1065 257 1147 Lepido
280 1065 419 1132 severius
440 1065 599 1132 scribere?
640 1065 724 1130 Nam
746 1085 837 1147 quae,
860 1085 930 1148 epm
953 1067 982 1130 ei
1004 1066 1178 1131 cauendum
1199 1065 1267 1132 fue·

129 1169 182 1247 rit,
205 1186 252 1232 ne
272 1167 304 1232 in
326 1167 410 1234 illius
432 1186 545 1234 manus
572 1168 707 1250 epistola
727 1169 890 1247 incideret,
913 1173 998 1234 tecte
1020 1173 1116 1250 atque
1142 1169 1176 1232 in
1197 1169 1266 1238 uni·

129 1287 261 1336 versum
283 1270 403 1348 scribit,
426 1271 502 1352 quin
524 1270 566 1336 ad
587 1270 743 1352 Lepidum
760 1276 905 1352 spectent
920 1271 991 1353 quis
1005 1270 1152 1336 dubitat?
1173 1270 1267 1350 Quod

130 1373 168 1438 iis
190 1390 323 1454 quoquc
345 1371 550 1439 confirmatur
573 1391 654 1454 quae
675 1372 710 1438 in
731 1373 840 1441 alteris
860 1372 971 1439 Planci
992 1373 1109 1440 litteris
1130 1373 1265 1456 publicis

134 1475 187 1559 (ad
207 1475 289 1540 iam.
311 1475 342 1542 X
363 1475 400 1558 8)
423 1479 559 1554 exstant,
584 1475 700 1557 quibus
721 1495 756 1540 se
777 1493 914 1558 purgare
936 1477 1045 1542 studet
1066 1481 1267 1558 totumquea

134 1577 320 1659 republica
342 1583 427 1644 stare
447 1578 622 1660 praedicat,
649 1597 731 1660 quae
757 1579 883 1644 litterae
910 1597 939 1644 a.
967 1579 999 1644 (1.
1026 1579 1088 1646 VH
1113 1579 1161 1646 Id.
1189 1580 1265 1661 apr.

137 1681 177 1763 (d.
200 1683 222 1746 7
247 1699 298 1747 m..
311 1680 403 1763 Apr.)
425 1681 561 1749 Romam
584 1682 726 1763 perlatae
749 1687 832 1748 sunt.
867 1682 1024 1750 Sicorim
1046 1682 1170 1748 scribit:
1194 1683 1266 1765 ,eli-

139 1783 267 1848 ciendae
289 1783 385 1848 etiam
406 1784 587 1850 voluntates
615 1785 819 1866 reliquorum,
848 1785 902 1866 quui
928 1783 1071 1853 finitimis
1097 1785 1266 1867 provinciis

141 1885 387 1967 exercitibusque
408 1887 624 1969 praefuemnt,
647 1892 685 1951 ut
705 1889 812 1969 potius
834 1887 1064 1970 cumpluribus
1082 1889 1266 1957 societatem

144 1988 356 2054 detendendae
387 1988 545 2057 libertatis
571 1989 722 2057 iniremus
750 2025 801 2054 -.
844 1989 1010 2058 Muniendi
1037 2009 1113 2056 vero
1141 1995 1266 2056 nosmet

147 2090 201 2170 ipsi
228 2091 346 2156 inimus
371 2127 422 2171 -,
450 2098 497 2171 ut,
532 2109 604 2160 cum
635 2091 866 2174 praeferremus
899 2109 1009 2164 sensus
1042 2097 1163 2174 aperte,
1197 2097 1265 2160 tum

154 2191 253 2258 etiam
272 2194 406 2259 invitis
429 2193 659 2276 quibusdam
681 2195 755 2260 sciri
776 2195 852 2276 quid
867 2194 1026 2264 defensuri
1041 2211 1180 2260 essemus
1201 2213 1266 2264 nou

150 2301 222 2360 esset
241 2296 461 2378 periculosum.
504 2297 557 2362 Ita
583 2315 757 2380 numquam
783 2295 944 2364 diffitebor
970 2299 1072 2366 multa
1096 2315 1148 2364 me
1169 2333 1210 2346 -
1233 2303 1267 2363 et

144 2398 300 2464 simulasse
322 2399 456 2466 invitum
478 2403 511 2466 ct
533 2401 748 2468 dissimulasse
770 2401 976 2480 cumdolore,
993 2401 1079 2483 quod
1093 2418 1263 2482 praema-

142 2504 224 2566 tura
245 2501 498 2568 denunciatio
525 2502 619 2571 boni
646 2503 743 2568 civis
769 2503 954 2585 imparati
981 2521 1092 2584 quam
1117 2503 1266 2585 pericu-

141 2602 219 2671 losa
256 2610 361 2670 esset
399 2623 442 2670 ex
480 2623 573 2672 casu
611 2606 785 2686 collegae
823 2606 876 2689 (Ι).
916 2605 1021 2690 Bruti)
1061 2605 1264 2677 videbant

140 2705 262 2784 Quanto
295 2708 436 2788 apertius
467 2708 532 2775 iam
564 2709 614 2780 his
641 2707 780 2790 Lepidus
806 2707 925 2772 inimici
952 2708 1081 2782 imrem
1106 2707 1266 2790 publicem

138 2809 232 2874 animi
253 2816 416 2890 arguatur,
439 2828 531 2876 nemo
555 2827 620 2876 non
641 2810 737 2876 videt.
973 2815 979 2826 '

238 2913 343 2994 Atque
364 2913 422 2978 has
445 2913 572 2995 quidem
593 2913 717 2979 litteras
738 2912 849 2978 Planci
870 2911 1015 2993 publicas
1038 2912 1148 2978 Cicero
1164 2913 1265 2996 respi-

137 3015 230 3094 ciens,
254 3033 326 3080 oum
347 3021 461 3097 quarto
484 3015 534 3080 die
555 3020 629 3099 post
650 3033 745 3098 quam
767 3020 985 3096 pervenerant,
1009 3033 1071 3096 quo
1095 3016 1146 3084 die
1168 3017 1264 3084 etiam

136 3120 174 3184 ad
196 3118 352 3184 Plancum
373 3119 545 3200 rescripsit,
567 3119 650 3184 hane
671 3119 711 3184 de
727 3137 790 3200 qua
804 3117 928 3199 agimus
942 3117 1109 3200 epistolam
1126 3119 1167 3183 ad
1182 3119 1264 3182 Bru-

135 3226 203 3286 tum
226 3222 318 3285 daret
340 3239 359 3285 a
380 3221 491 3286 Planci
514 3222 621 3287 animo
643 3226 675 3290 et
695 3221 772 3286 belli
794 3213 950 3304 apparatu
964 3220 1123 3286 laudando
1138 3220 1263 3288 initium

135 3323 218 3389 fecit.
253 3323 351 3388 Cuius
373 3342 444 3390 cum
466 3325 660 3390 mentionem
675 3323 804 3402 faceret,
828 3323 921 3389 simul
943 3322 1056 3406 Lepidi
1077 3324 1111 3388 in
1125 3327 1264 3390 mentem

136 3428 163 3491 ei
183 3427 309 3493 venisse
332 3432 364 3491 et
386 3445 447 3519 quo
470 3428 624 3492 maiorem
647 3445 686 3492 ex
708 3426 845 3492 consiliis
860 3426 945 3490 illius
960 3427 994 3490 in
1008 3427 1124 3492 bonam
1139 3431 1263 3508 partem

136 3529 336 3594 commutatis
359 3530 518 3612 exciperet
540 3529 704 3609 laetitiam,
733 3546 771 3594 eo
798 3529 918 3594 maiore
945 3529 1094 3596 affectum
1116 3547 1185 3594 esse
1209 3529 1264 3594 do-

134 3633 202 3698 lore
219 3651 292 3697 cum
308 3633 401 3698 husius
417 3633 558 3698 animum
571 3633 731 3714 ingratum
746 3638 841 3714 atque
858 3632 955 3701 etiam
971 3631 1104 3698 infidum
1116 3631 1263 3698 recorda·

134 3741 232 3816 retur,
265 3753 304 3800 ex
338 3735 484 3800 omnibus
517 3753 599 3817 quae
626 3735 730 3800 adhuc
762 3736 991 3816 disputavimus
1019 3741 1264 3800 consentaneum

135 3844 193 3904 est.
238 3839 338 3917 Quem
361 3839 504 3904 dolorem
527 3857 598 3904 cum
620 3844 799 3921 temporum
822 3855 917 3902 causa
941 3855 1066 3919 semper
1087 3837 1120 3900 in
1135 3839 1265 3919 pectore

136 3940 276 4006 clausum
298 3941 417 4006 habere
439 3946 568 4006 coactus
596 3945 689 4019 esset,
718 3941 788 4021 quis
814 3940 984 4006 mirabitur
1011 3957 1082 4029 eum
1107 3940 1191 4023 apud
1218 3939 1265 4005 fa·

136 4043 380 4110 miliarissimum
403 4063 494 4110 suum
517 4043 715 4126 eundemque
742 4043 861 4108 liberae
888 4043 936 4109 rei
961 4042 1107 4125 publicae
1129 4042 1264 4109 amicum

138 4147 275 4212 omnium
291 4147 582 4214 constantissimum
598 4146 728 4213 tandem
749 4145 842 4229 paulo
860 4145 1006 4212 acerbius
1021 4146 1265 4229 exprompsisse,
