3048 4850
1173 239 1215 303 89

143 435 271 524 quippe
297 453 383 523 quae
409 454 452 504 ne
479 432 578 502 laude
612 431 747 520 quidem
774 432 858 501 satis
885 431 1007 502 idonea
1033 429 1121 501 affici
1137 432 1254 519 possit.

143 553 317 624 Exstitisti
355 573 465 641 nuper
496 551 591 622 vultu
623 569 761 640 savero;
789 551 976 621 exercitum
1003 553 1117 639 copias
1147 550 1255 639 legio·

144 693 204 744 nes
243 672 382 743 idoneas
421 690 484 760 per
515 675 550 741 te
576 670 673 739 brevi
698 675 853 757 tempore
879 671 1101 758 comparasti:
1131 669 1165 739 di
1191 671 1254 738 im-

144 791 323 862 mortales!
351 791 409 878 qui
435 789 492 860 ille
519 789 667 874 nuntius,
696 808 782 876 quae
809 788 888 858 illae
914 788 1060 874 litterae,
1085 809 1172 878 quae
1186 788 1257 858 lae-

144 911 220 979 titia
259 916 408 994 senatus,
448 928 534 996 quae
574 906 733 978 alacritas
766 907 911 977 civitatis
940 908 1030 977 erat!
1059 906 1155 976 Nihil
1181 927 1256 976 um·

145 1050 245 1117 quam
284 1028 353 1098 vidi
392 1034 461 1098 tam
494 1027 642 1098 omnium
676 1026 896 1097 consensione
932 1026 1117 1097 laudatum.
1171 1025 1258 1096 Erat

145 1149 354 1236 exspectatio
380 1146 602 1235 reliquiarum
628 1145 779 1233 Antonii,
806 1165 907 1234 quem
933 1146 1087 1234 equitatu
1112 1145 1256 1234 legioni·

145 1268 275 1356 busque
313 1287 437 1356 magna
469 1272 636 1355 exparte
663 1264 841 1354 spoliaras.
895 1263 947 1334 Ea
976 1285 1108 1354 quoque
1135 1265 1256 1334 babuit

145 1388 274 1456 exitum
300 1385 502 1475 optabilem3
530 1405 608 1455 nam
634 1390 714 1455 tuae
740 1384 887 1470 litterae,
916 1404 1002 1473 quae
1030 1385 1194 1454 recitatae
1221 1387 1256 1452 in

146 1512 266 1576 senatu
298 1511 388 1593 suut,
422 1518 458 1575 et
482 1505 699 1594 imperatoris
726 1511 761 1574 et
787 1503 930 1574 militum
958 1506 1118 1574 virtutem
1146 1509 1180 1573 et
1206 1504 1258 1573 in-

146 1626 311 1696 dustriam
351 1631 498 1712 tuorum,
539 1624 573 1694 in
606 1624 727 1713 quibus
763 1622 938 1694 Ciceronis
965 1624 1043 1716 mei,
1071 1623 1256 1692 declarant.

145 1743 243 1832 Quod
276 1746 304 1815 si
337 1745 405 1814 tuis
437 1744 620 1833 placuisset
652 1743 694 1814 de
727 1743 781 1813 his
815 1742 938 1814 litteris
972 1741 1093 1813 referri
1127 1750 1161 1813 et
1193 1743 1259 1812 nisi

145 1867 180 1936 in
206 1871 340 1952 tempus
366 1862 693 1934 turbulentissimum
720 1869 799 1951 post
824 1863 1009 1934 discessum
1032 1861 1165 1932 Pansae
1179 1883 1259 1933 cou-

146 1983 228 2054 sulis
267 1983 475 2068 incidissent,
516 1982 624 2052 bonos
663 2002 798 2070 quoque
836 1983 945 2050 iustus
985 1986 1020 2051 et
1046 1981 1180 2052 debitus
1207 1982 1259 2051 dis

145 2101 393 2174 immortalibus
421 2102 577 2172 decretus
605 2108 705 2171 esset.
748 2101 782 2171 3.
823 2099 913 2170 Ecce
940 2100 1003 2169 tibi
1028 2099 1116 2170 Idib.
1145 2099 1256 2188 April.

147 2221 285 2292 advolat
315 2242 414 2292 mane
442 2219 533 2291 celer
558 2219 665 2304 Pilus‚
693 2221 750 2309 qui
777 2221 841 2307 vir,
870 2220 905 2289 di
931 2219 1022 2308 boni,
1050 2239 1152 2307 quam
1179 2240 1259 2308 gra-

146 2342 209 2430 vis,
230 2340 338 2430 'quam
365 2345 534 2430 constans,
570 2361 672 2429 quam
698 2341 865 2410 bonarum
891 2340 925 2408 in
952 2359 991 2409 re
1017 2339 1153 2426 publica
1180 2359 1259 2427 par-

147 2461 248 2532 tium!
289 2457 354 2530 Hic
380 2459 541 2548 epistolas
574 2459 673 2530 affert
698 2459 794 2544 duas,
821 2480 924 2530 unam
950 2468 1009 2529 tuo
1037 2460 1182 2545 nomine,
1210 2458 1260 2528 al-

150 2585 256 2650 teram
295 2578 366 2650 Ant
352 2580 448 2667 tonii,
489 2580 548 2649 dat
587 2577 731 2650 Servilio
771 2580 909 2649 tribuno
941 2578 1062 2667 plebis,
1089 2578 1147 2649 ille
1175 2576 1259 2649 Gor·
1287 2573 1290 2580 ’

148 2706 246 2768 nuto:
292 2699 438 2768 recitant
438 2700 557 2768 urin
601 2704 732 2768 senatu.
785 2695 1016 2770 ANTONIUS
1059 2695 1258 2768 PROCOSa

147 2838 272 2908 magua
311 2817 573 2903 admiratio,ut
559 2818 628 2886 tsi
656 2824 746 2887 esset
772 2819 950 2886 recitatum
978 2813 1261 2888 DOLABELLA

146 2934 429 3024 IMPERATOR,
470 2957 490 3007 a
529 2957 596 3025 quo
637 2935 773 3024 quidem
799 2942 964 3004 venerant
989 2934 1170 3021 tabellarii,
1200 2936 1260 3007 sed

148 3077 246 3127 nemo
272 3055 338 3127 Pili
365 3055 496 3144 similis,
525 3057 583 3144 qui
610 3053 765 3144 prolerre
792 3055 925 3124 litteras
952 3053 1094 3125 auderet
1112 3061 1172 3124 aut
1188 3075 1257 3124 ma-

148 3177 347 3266 gistratibus
386 3174 542 3246 reddere.
597 3174 690 3246 Tuae
716 3176 904 3246 recitantur
928 3175 1052 3244 breves
1079 3173 1158 3244 illae
1186 3176 1260 3263 qui-

148 3296 225 3366 dem
246 3294 307 3366 sed
332 3295 367 3364 in
393 3295 579 3364 Antonium
605 3294 787 3364 admodum
814 3295 925 3365 lenes:
953 3292 1171 3364 vehementer
1200 3294 1260 3365 ad·

148 3416 290 3488 miratus
317 3421 473 3504 sanatus;
500 3412 583 3484 mihi
610 3419 724 3484 autem
751 3435 817 3484 non
844 3418 919 3484 erat
942 3411 1159 3501 explicatum,
1179 3414 1261 3502 quid

148 3555 303 3624 agerem:
344 3532 448 3607 falsas
487 3532 657 3604 dicerem?
698 3534 780 3621 quid
807 3533 836 3603 si
862 3537 901 3602 tu
926 3551 984 3602 eas
1011 3532 1260 3621 approbasses?

148 3653 406 3726 confirmarem?
445 3673 513 3726 non
540 3658 615 3722 erat
640 3652 816 3742 dignitatis
842 3665 932 3724 tuae.
987 3655 1021 3722 4.
1057 3650 1176 3740 Itaque
1203 3652 1261 3724 ille

148 3775 221 3845 dies
262 3773 407 3844 silentio.
461 3770 631 3842 Postridie
657 3777 783 3857 autem,
812 3793 887 3842 oum
916 3792 1026 3842 sermo
1053 3771 1262 3842 increbruis·

149 3897 202 3963 set
240 3887 401 3980 Pilnsque
442 3891 557 3963 oculos
591 3891 823 3962 vehementius
850 3891 1025 3960 hominum
1052 3888 1260 3979 offendisset,

148 4017 265 4084 natum
305 4013 440 4082 omnino
480 4017 532 4084 est
570 4012 774 4102 principium
808 4031 828 4080 a
859 4031 925 4080 mc.
979 4007 1031 4080 De
1058 4010 1261 4098 proconsule

148 4131 297 4203 Antonio
323 4129 448 4199 multa:
477 4130 607 4201 Sestius
634 4149 758 4202 causae
783 4150 850 4199 nou
877 4127 999 4213 defuit3
1027 4136 1105 4217 post
1117 4149 1260 4218 mecum,
