3082 4856
319 293 360 362 58

278 507 350 558 som
382 484 438 572 vel
469 485 601 555 actione
634 484 669 554 in
695 487 835 568 senatu3
870 482 979 553 altera
1011 503 1075 571 qno
1106 481 1216 569 magis
1248 483 1301 549 est
1331 498 1392 549 ne·

278 604 437 692 cessaria,
465 622 575 692 neque
600 623 677 674 meo
704 602 869 673 exercitui
894 602 1004 691 magis
1036 621 1136 690 quam
1168 599 1391 688 reliquorum,

276 723 342 794 hoo
359 723 468 812 magis
487 722 587 793 doleo
605 709 724 792 Asiam
752 720 826 814 [sed
847 719 928 814 quo]
950 741 1012 791 nos
1034 721 1199 807 amisisse,
1221 737 1322 807 quarn
1342 717 1393 787 sic

277 842 396 914 vexari
415 861 436 911 a
455 840 637 912 Dolabella
657 840 770 932 audio,
793 845 830 910 ut
849 841 917 912 iam
931 861 1000 910 non
1020 838 1176 911 videatur
1196 835 1392 908 crudelissi-

277 981 369 1032 mum
384 961 457 1033 eius
470 957 601 1030 facinus
614 941 806 1029 interfectio
821 957 995 1031 Trebonii.
1034 955 1141 1028 Vetus
1154 956 1324 1026 Antistius
1335 975 1393 1027 me

275 1086 389 1151 tomen
414 1079 559 1170 pecunia
585 1069 784 1151 sublevavit.
828 1077 901 1170 (6.)
944 1075 1076 1166 Cicero,
1106 1075 1196 1147 filius
1223 1081 1313 1164 tuus,
1343 1075 1394 1146 sic

275 1199 359 1269 mihi
387 1219 423 1270 se
451 1198 576 1287 probat
601 1197 770 1268 industria
795 1197 961 1286 patientia
979 1195 1109 1288 labore,
1130 1195 1234 1265 animi
1259 1193 1394 1283 magni-

274 1319 404 1410 tudine,
446 1317 536 1388 omni
575 1315 720 1405 denique
770 1315 898 1406 officio,
953 1322 991 1385 ut
1028 1327 1170 1405 prorsus
1208 1333 1394 1402 numquam

276 1439 446 1510 dimittere
473 1436 630 1507 videatur
657 1435 909 1524 cogitationem,
945 1435 1041 1506 cuius
1069 1435 1114 1505 sit
1137 1431 1244 1518 filius3
1286 1453 1394 1521 quare

277 1558 434 1647 quoniam
462 1554 597 1625 efficere
624 1571 691 1624 non
718 1575 868 1643 possum,
895 1559 934 1624 ut
959 1553 1067 1642 pluris
1093 1551 1198 1624 facias
1216 1573 1310 1641 eum,
1335 1554 1394 1642 qui

275 1678 337 1747 tibi
371 1681 424 1746 est
455 1673 668 1762 carissimus,
707 1671 792 1743 illud
824 1673 936 1744 tribue
968 1673 1093 1743 iudicio
1124 1693 1219 1761 meo,
1258 1677 1298 1742 ut
1328 1673 1393 1744 tihi

276 1795 483 1886 persuadeas
510 1813 578 1863 non
603 1790 677 1862 fore
704 1791 755 1862 illi
781 1793 987 1864 abutendum
1013 1791 1125 1881 gloria
1150 1797 1221 1878 tua,
1255 1797 1293 1861 ut
1317 1791 1389 1863 adi·

275 1916 429 2004 piscatur
454 1913 602 1984 honores
628 1917 803 2001 paternos.
847 1911 991 1983 Kalend.
1020 1911 1130 2000 April.
1160 1910 1382 2002 Dyrrhachio.

376 2132 428 2201 Ep.
445 2133 462 2186 3
479 2132 622 2187 Wesenb.:
645 2131 726 2200 vulgo
744 2131 761 2184 h
779 2136 807 2185 et
823 2131 848 2184 3.
867 2159 897 2168 -
912 2131 936 2184 h.
953 2130 1036 2184 aloem
1049 2147 1099 2196 prro
1112 2130 1194 2194 mauis
1206 2130 1316 2184 conieci
1333 2129 1390 2195 (rel

276 2218 318 2270 sed
336 2217 418 2270 altero
436 2235 485 2284 quo
506 2218 612 2285 mopio):
631 2217 715 2268 alteru
735 2234 800 2283 pauo
821 2218 903 2281 mauis
922 2215 1012 2284 vulgo,
1030 2233 1095 2282 quac
1113 2214 1165 2269 del.
1184 2213 1340 2270 Emestius.
1360 2245 1392 2258 --

278 2303 440 2370 reliquorum,
458 2305 502 2354 hoc
519 2304 600 2368 mauis
619 2303 690 2354 doleo
711 2303 800 2352 Asiam
823 2301 897 2368 [111.]
923 2318 970 2352 nos
990 2301 1100 2352 omisisse
1118 2339 1124 2350 .
1144 2339 1150 2352 .
1169 2339 1175 2352 .
1195 2337 1201 2350 .
1220 2293 1393 2368 Dyrrhachio.

277 2389 326 2438 IV.
353 2389 431 2439 Datis
448 2405 521 2439 muno
540 2425 647 2440 .....
664 2403 716 2437 nort
733 2387 789 2450 erit,
809 2385 846 2450 [V
863 2387 881 2438 5
899 2385 980 2452 extu]
999 2393 1027 2435 ut
1048 2387 1077 2435 ἐπ
1095 2387 1184 2437 Adara
1202 2424 1208 2436 .
1227 2425 1233 2437 .
1252 2426 1258 2436 .
1278 2423 1285 2436 .
1302 2388 1395 2441 rudius

276 2481 389 2523 aeturus.
418 2471 491 2536 [VL]
519 2470 591 2532 Quod
607 2488 675 2536 opere
693 2508 699 2521 .
719 2507 725 2520 .
745 2505 776 2519 ·.
799 2487 855 2522 etun
876 2470 952 2534 ditior·
976 2469 1190 2538 Wesenbergius
1216 2472 1265 2538 (ex
1283 2471 1394 2540 Sigonii

276 2556 518 2623 transpositione):
542 2553 694 2608 Cratander
706 2555 748 2606 sed
760 2571 809 2622 quo
824 2571 870 2606 nos
888 2555 998 2606 amineae
1017 2592 1125 2608 .....
1148 2560 1310 2624 Dyrrhachio
1329 2573 1395 2612 cum

276 2657 318 2710 ep.
337 2641 364 2694 II
384 2641 529 2694 coniunxit
546 2641 662 2695 lacunae
681 2641 760 2708 siguo
778 2645 841 2694 aute
857 2640 899 2692 aad
910 2658 959 2707 quo
977 2641 1021 2707 (ut
1039 2657 1112 2695 nunc
1129 2641 1212 2711 vulgo
1224 2641 1267 2711 fit)
1287 2645 1380 2711 posito
1386 2667 1394 2709 ;

277 2728 335 2780 III.
354 2727 476 2779 Brutus
494 2728 636 2780 Ciceroni
653 2725 717 2780 sat.
736 2725 777 2756 ***
794 2727 836 2778 aad
852 2744 901 2794 quo
918 2743 964 2778 noc
980 2729 1091 2780 amiam
1109 2768 1115 2780 .
1134 2766 1141 2778 .
1161 2767 1166 2780 .
1186 2764 1192 2777 .
1222 2731 1393 2795 Dyrrhachio.

278 2812 329 2865 IV.
359 2812 463 2863 Cicero
482 2849 487 2861 .
507 2850 513 2861 .
533 2850 539 2862 .
559 2851 565 2864 .
582 2815 636 2865 ortt.
655 2813 694 2864 Id.
713 2811 796 2879 April.
828 2811 856 2864 V.
875 2811 1044 2864 Brutus..
1064 2850 1097 2865 ..
1122 2813 1192 2866 doleo
1211 2814 1300 2864 Auium
1317 2813 1345 2843 **
1364 2825 1396 2866 at

282 2897 310 2947 iro
336 2900 368 2948 A,
502 2908 612 2950 aeturus.
658 2897 705 2948 VJ.
738 2887 845 2949 Oidoro
867 2935 873 2947 .
893 2936 899 2950 .
919 2936 924 2947 .
946 2936 951 2948 .
977 2897 1054 2962 athyr·
1079 2898 1167 2968 vulgo.
1195 2927 1227 2938 -
1254 2917 1331 2966 quum
1356 2903 1396 2953 eie

282 2985 370 3035 uocari
395 2981 540 3038 Wesenb.:
566 3001 637 3052 quem
659 3001 677 3036 s.
695 3001 719 3035 u.
737 2983 827 3052 vulgo.

308 3507 310 3511 .
374 3446 456 3510 Huic
489 3445 641 3527 epistolae
673 3444 741 3510 dies
778 3445 838 3527 ipsi
880 3450 929 3509 est
967 3445 1140 3527 appositus,
1173 3462 1273 3527 neque
1306 3447 1399 3527 quis-

277 3563 370 3630 quam
392 3549 443 3614 vel
463 3548 503 3614 do
525 3565 562 3612 eo
585 3547 749 3630 dubitavit,
772 3547 822 3613 vel
844 3548 920 3630 quin
947 3547 1057 3614 eadem
1079 3548 1129 3627 sit,
1158 3565 1253 3628 quam
1280 3547 1398 3616 Cicero

278 3670 306 3716 a.
334 3651 365 3716 d.
387 3650 447 3715 III.
475 3649 522 3715 Id.
549 3651 682 3732 Apr.se
704 3651 915 3732 accepissem
941 3669 989 3734 ep.
1011 3650 1095 3729 114,
1120 3653 1137 3716 1
1160 3650 1287 3716 scribat.

374 3753 391 3836 ἓ
416 3755 443 3817 1.
486 3751 557 3818 Iam
585 3757 658 3816 ante
685 3752 822 3835 probare
851 3753 956 3818 conati
984 3769 1090 3816 sumus
1118 3752 1199 3816 hanc
1226 3752 1400 3834 epistolam

274 3855 411 3920 omnium
433 3854 566 3938 primam
589 3871 656 3919 esse
677 3855 808 3919 aBruto
825 3873 907 3920 anno
930 3873 958 3919 a.
975 3873 1006 3917 u.
1025 3873 1050 3920 o.
1074 3855 1133 3919 711
1152 3855 1191 3919 ad

1298 3872 1400 3921 onem

164 3995 167 4002 ·
273 3958 438 4022 missorum
447 3957 481 4039 ¹).
536 3955 636 4023 Iidem
674 3957 765 4022 nobis
797 3957 1008 4039 persuasimus
1046 3955 1189 4038 Brutum,
1208 3853 1400 4086 Quam

1322 4134 1328 4154 h

1329 4168 1336 4219 ¹.

375 4197 398 4264 ¹)
425 4195 514 4264 Gh'p.
535 4197 562 4250 11
585 4211 644 4266 sqq.
