3048 4850
1175 203 1235 267 103

177 385 371 466 proconsulis
393 385 542 452 honorem
564 385 624 452 sibi
645 391 830 468 arrogasset,
852 391 971 452 tantam
993 386 1193 452 indefectam
1211 405 1277 452 esse

177 487 426 566 admirationem,
449 493 484 552 ut
504 488 532 554 si
552 489 716 554 recitatum
739 495 820 554 esset
839 489 1089 554 DOLABELLA
1103 489 1278 555 IMPERA-

177 589 270 668 Tou,
298 607 405 670 aquo
437 590 562 670 quidem
593 591 714 658 renime
745 591 925 656 tabellarios
956 592 1012 656 sed
1043 593 1196 658 neminem
1218 592 1279 656 Pili

179 690 319 770 similem,
350 692 404 772 qui
425 690 564 778 proferre
585 693 706 757 litteras
728 693 858 757 auderet
878 697 933 757 aut
954 693 1187 772 magistratibus
1208 694 1278 758 red-

179 792 262 858 dere.
274 830 314 840 -
327 793 396 871 Quo
417 794 485 858 iure
507 812 628 876 quaque
650 795 836 860 auctoritate
859 793 893 858 O.
915 795 1069 860 Antonius
1084 794 1167 860 illius
1181 795 1278 860 hono-

174 895 217 960 ris
239 895 364 960 titulum
390 896 451 960 sibi
477 897 686 978 assumpserit,
709 915 746 962 en
768 897 848 961 Phil.
870 896 1048 962 11124-25
1074 902 1106 962 et
1131 896 1209 962 XHI
1238 897 1277 962 19

176 998 380 1078 cognoscitur,
404 998 460 1063 sed
479 999 531 1062 vix
552 1016 658 1064 mense
678 1006 750 1080 post
771 999 960 1079 provinciam
982 999 1011 1064 ei
1022 998 1198 1078 ademptam
1210 1016 1278 1064 esse

174 1117 212 1174 en
244 1099 352 1164 eadem
385 1101 466 1164 Phil.
498 1100 547 1167 III
569 1101 601 1184 (ἕ
624 1101 679 1184 38)
706 1106 846 1184 apparet,
869 1100 923 1165 ubi
944 1101 1098 1166 sententia
1121 1099 1277 1164 Ciceronis

177 1201 350 1282 perscripta
385 1206 495 1281 exstat,
532 1203 564 1266 in
596 1221 687 1282 quam
721 1208 848 1268 senatus
880 1203 1053 1268 consultum
1086 1202 1195 1267 eodem
1227 1202 1277 1266 die

173 1303 290 1367 factum
318 1309 374 1368 est.
417 1305 520 1386 Atque
547 1305 579 1368 id
607 1311 734 1369 senatus
766 1305 941 1370 consultum
973 1305 1013 1368 ad
1047 1322 1151 1370 omnes
1183 1304 1278 1386 perti·

175 1405 289 1484 nuisse,
314 1406 367 1487 qui
387 1411 469 1480 tuno,
494 1410 625 1472 exeunte
637 1424 728 1484 anno,
751 1407 925 1487 provincias
943 1407 1128 1485 obtinerent,
1147 1424 1216 1470 cum
1229 1424 1276 1487 ep.

172 1506 214 1570 ad
248 1506 322 1572 iam.
343 1507 406 1573 XII
427 1510 477 1588 22,
501 1510 520 1578 3
542 1508 697 1573 indicatur
718 1514 793 1588 tum,
817 1508 900 1590 quod
922 1508 962 1574 ad
983 1509 1084 1592 ipsum
1107 1509 1277 1573 Antonium

177 1609 342 1690 pertineat,
375 1610 455 1674 Phil.
482 1610 512 1674 X
541 1612 580 1674 13
612 1609 821 1676 confirmatur.
864 1610 931 1675 Iam
963 1629 1036 1675 vero
1059 1610 1166 1692 primis
1187 1609 1278 1674 Bruti

175 1710 288 1776 litteris
315 1710 448 1793 publicis
479 1712 581 1776 allatis
602 1713 715 1776 iterum
737 1713 771 1775 in
792 1711 950 1778 Ciceronis
972 1713 1158 1776 sententiam
1181 1711 1276 1796 (Phil.

171 1812 202 1876 X
229 1815 269 1878 25
296 1831 342 1895 sq.
374 1813 591 1895 perscriptam)
625 1819 752 1880 senatus
785 1815 931 1892 decrevit,
962 1821 997 1878 ut
1016 1815 1060 1878 M.
1082 1814 1199 1878 Brutus
1220 1831 1276 1894 pro

175 1916 300 1980 consule
326 1915 515 1995 provinciam
538 1915 752 1980 Macedoniam
773 1915 931 1996 Illyricum
954 1919 1158 1997 cunctamque
1180 1913 1277 1978 Grae·

175 2017 252 2080 ciam
276 2015 431 2081 obtineret
452 2017 598 2098 omnique
620 2018 769 2083 exercitui
789 2021 955 2098 praeesset.
988 2018 1067 2082 Tum
1088 2017 1194 2081 alteris
1211 2016 1276 2081 eius

176 2119 289 2184 litteris
311 2118 350 2182 de
373 2117 406 2182 C.
428 2119 565 2184 Antonio
588 2123 679 2201 capto
703 2119 806 2184 allatis
827 2136 917 2184 nemo
939 2120 1002 2184 iarn
1023 2120 1062 2184 de
1084 2119 1205 2199 captivo
1222 2119 1275 2182 illo

173 2221 224 2285 vel
257 2220 415 2300 cogitabat
437 2220 570 2302 quidem,
594 2220 649 2286 sed
670 2221 807 2286 omniurn
830 2221 911 2286 oculi
932 2220 972 2284 ad
993 2220 1109 2284 bellum
1132 2219 1216 2300 quod
1236 2218 1276 2282 ad

173 2323 326 2388 Mutinam
359 2322 526 2402 gerebatur
558 2323 699 2387 conversi
728 2329 759 2388 et
780 2323 892 2388 intenti
914 2327 1018 2387 erant:
1040 2339 1110 2386 oum
1131 2321 1234 2385 subito
1257 2338 1277 2384 a

171 2425 263 2490 Bruti
283 2424 446 2490 tabellario
469 2426 592 2489 litterae
613 2425 645 2489 in
666 2426 767 2509 ipsum
789 2429 931 2490 senatum
953 2422 1276 2502 afferuntur,recitan-

173 2531 226 2591 tur
240 2546 308 2591 -a
329 2527 558 2609 proconsule
581 2526 615 2591 O.
636 2529 774 2594 Antonio
796 2528 918 2593 senatui
939 2529 1051 2596 missae
1073 2544 1140 2592 esse
1160 2526 1276 2608 reperi·

171 2631 280 2694 untur!
319 2629 401 2693 Num
433 2630 545 2694 mirum
578 2636 626 2694 est
647 2635 789 2695 senatum
815 2630 916 2712 primo
945 2619 1040 2694 a‘nimi
1070 2631 1190 2711 impetu
1222 2627 1276 2694 ob-

172 2729 381 2810 stupefactum
405 2747 472 2796 esse
493 2730 718 2796 admiratione?
740 2732 822 2810 Quin
844 2732 937 2796 etiam
949 2749 1005 2796 suo
1016 2733 1084 2795 iure
1096 2729 1204 2796 Cicero
1221 2730 1276 2794 ad-

171 2831 246 2896 dere
267 2833 390 2896 videtur
411 2851 474 2896 non
496 2833 646 2897 minorem
667 2833 763 2897 fuisse
785 2833 1024 2898 admirationem
1035 2837 1170 2911 senatus
1183 2849 1275 2913 quam

174 2934 201 2997 si
228 2941 309 2999 esset
331 2934 495 3000 recitatum
517 2935 697 3018 „Dolabella
718 2935 915 3016 imperator“;
937 2952 1009 2998 nam
1032 2933 1106 3016 quid
1128 2934 1157 2998 ei
1178 2933 1276 2998 videri

172 3038 277 3118 potuit
307 3039 391 3104 inter
423 3038 510 3104 illum
543 3039 702 3116 interesse,
737 3039 798 3120 qui,
826 3041 990 3120 postquam
1013 3041 1122 3101 contra
1141 3036 1274 3117 patriam

173 3158 261 3204 arma
281 3141 421 3223 cepisset,
443 3141 525 3207 bello
548 3147 630 3206 esset
652 3146 761 3224 captus
782 3141 925 3222 idemque
947 3140 1053 3222 paucis
1075 3138 1183 3202 diebus
1204 3141 1276 3220 post

172 3261 192 3305 a
214 3248 323 3306 senatu
343 3243 442 3308 hostis
472 3243 662 3310 indicaretur
677 3245 712 3328 ¹),
736 3249 768 3308 et
789 3244 872 3309 huno
894 3243 947 3324 qui
967 3241 1059 3324 paulo
1083 3245 1155 3305 ante
1175 3240 1275 3306 hostis

171 3344 326 3410 iudicatus
348 3345 450 3410 esset?

273 3447 334 3523 Qui
356 3451 460 3510 autem
483 3447 582 3512 hostis
603 3449 664 3512 iam
687 3453 754 3513 erat
775 3447 938 3526 iudicatus,
961 3445 1015 3526 qui
1035 3446 1161 3509 tandem
1182 3445 1209 3508 is
1225 3445 1274 3508 lit-

171 3553 256 3614 teras
289 3549 330 3614 ad
358 3554 501 3614 senatum
523 3550 646 3614 mittere
668 3567 762 3614 ausus
784 3549 851 3614 est?
872 3549 941 3614 Hoc
963 3567 1002 3613 ne
1023 3548 1092 3630 quis
1113 3547 1184 3612 huic
1205 3548 1273 3612 loco

176 3650 301 3734 obiciat,
324 3652 474 3733 temporis
495 3653 589 3733 spatii
609 3652 692 3716 inter
705 3652 787 3716 Non.
799 3649 971 3734 Martias2)
993 3655 1025 3714 et
1036 3649 1083 3716 Id.
1093 3649 1217 3731 Apriles
1228 3649 1274 3712 in-

172 3754 294 3820 teriemi
305 3754 421 3820 habeat
431 3754 594 3818 rationem.
610 3755 640 3818 N
642 3772 690 3818 am
704 3757 740 3818 ut
752 3753 879 3820 nuntius
889 3754 944 3818 illo
955 3754 1024 3833 ipso
1035 3751 1192 3816 dieRoma
1203 3751 1277 3815 mis·

273 3891 296 3959 ¹)
314 3889 362 3944 Ofr
379 3905 421 3961 cp.
440 3889 474 3946 ad
492 3889 537 3944 Br.
556 3891 569 3944 I
586 3889 610 3957 3,
627 3889 701 3944 3-4.

272 3978 296 4045 ²)
314 3977 383 4030 Oire.
402 3977 476 4031 hune
495 3975 567 4032 diem
584 3973 755 4030 Dolabellam
771 3975 877 4030 hostem
895 3974 1046 4030 iudicatum
1065 3985 1126 4028 essa
1139 3971 1277 4028 Schmidt·

172 4061 215 4116 iun
233 4057 429 4115 demonstrarit
446 4061 463 4114 l.
482 4075 505 4116 e.
523 4076 548 4130 p.
566 4059 600 4116 34
617 4077 673 4132 sqq.
