3048 4850
296 259 337 322 96

253 446 345 526 quiae
355 446 486 510 Antonii
498 444 734 524 conficerentur,
747 463 839 526 quem
850 447 992 527 equitatu
1002 446 1239 529 legionibusque
1250 465 1366 528 magna

253 567 292 612 ex
319 554 408 628 parte
431 548 604 628 spoliasset,
627 554 658 611 et
679 566 748 612 eam
770 565 894 629 quoqne
915 565 981 612 rem
1003 567 1041 612 ex
1062 551 1218 614 sententia
1239 568 1366 630 proces-

255 651 348 729 sisse,
370 669 444 714 nam
466 667 545 730 qnae
568 650 607 713 de
628 669 666 714 ea
686 651 811 713 litterae
831 649 865 713 16
886 654 999 714 senatu
1013 651 1164 715 recitatae
1182 657 1297 730 essent,
1312 671 1367 716 eas

255 759 287 818 et
307 751 504 832 imperatoris
526 759 558 816 et
584 753 718 816 militum
739 753 886 816 virtutem
909 769 1078 833 eorumque
1099 753 1153 833 qui
1174 771 1244 817 eum
1266 754 1367 818 Bmto

256 860 369 930 essent,
391 855 424 918 in
447 854 560 934 quibus
583 853 1242 932 Olceronisfilii,industriamdeclaravisse.
1275 854 1371 931 Quod

255 957 282 1020 si
304 956 344 1020 de
365 956 403 1019 iis
426 956 540 1020 litteris
556 957 752 1021 necessariis
772 957 856 1020 illius
878 957 1047 1038 placuisset
1066 955 1178 1020 referri
1200 963 1232 1022 et
1252 958 1314 1020 nisi
1334 958 1371 1020 in

255 1069 379 1140 tempus
409 1058 712 1122 turbulentissimum
744 1065 816 1140 post
842 1059 1013 1124 discessum
1034 1059 1156 1123 Pansae
1176 1059 1371 1139 incidissent,

255 1163 396 1227 futurum
416 1162 521 1239 luisse,
544 1168 580 1226 nt
601 1163 702 1226 honor
724 1181 848 1244 quoque
870 1163 917 1226 dis
938 1163 1166 1227 immortalibus
1188 1163 1374 1228 decernere-

256 1269 317 1328 tur.
331 1299 370 1310 -
384 1264 619 1342 QuodvRomae
641 1265 907 1347 exspectationem
928 1265 1024 1329 luisse
1045 1265 1249 1345 reliquiarum
1270 1266 1375 1329 Anto·

259 1369 304 1432 nii
326 1367 445 1446 scribit,
467 1368 501 1431 id
521 1367 675 1449 significat
696 1374 820 1449 tempus
842 1387 904 1449 quo
926 1367 1037 1432 habita
1059 1374 1106 1432 est
1128 1368 1209 1432 Phil.
1231 1367 1279 1432 Xl
1300 1368 1374 1450 (cfr.

258 1470 274 1552 ἓ
298 1471 353 1550 26)
379 1471 402 1550 ).
438 1471 542 1550 Atque
564 1490 584 1534 a
604 1472 704 1535 Bruto
726 1471 789 1533 iam
812 1476 887 1534 ante
907 1471 940 1534 id
961 1477 1084 1552 tempus
1105 1471 1194 1534 illum
1207 1487 1376 1550 magnaex

257 1578 348 1653 parte
371 1572 469 1652 copiis
491 1573 659 1653 spoliatum
677 1589 745 1636 esse
756 1572 837 1636 Phil.
848 1572 878 1636 X
889 1573 939 1654 (ἕξ
953 1573 1075 1654 12-13)
1091 1571 1302 1651 confirmatur,
1318 1572 1376 1636 ubi

259 1673 298 1738 de
321 1673 456 1737 militum
479 1673 646 1754 prudentia
668 1675 733 1754 agit
756 1674 875 1752 Cicero,
899 1675 952 1755 qul
974 1675 1014 1738 ad
1035 1675 1169 1738 Brutum
1180 1675 1373 1752 transierint,

260 1775 298 1838 de
332 1776 464 1854 legione,
499 1793 580 1855 quac
613 1776 692 1839 duce
724 1776 870 1858 (Antonii
899 1776 1020 1858 legato)
1042 1777 1151 1841 relicto
1175 1774 1316 1839 Oiceroni
1337 1793 1372 1839 se

258 1877 323 1943 filio
356 1878 531 1956 tradiderit,
566 1879 606 1942 de
638 1878 775 1958 Vatinio,
808 1879 861 1961 qui
887 1879 1075 1960 Dyrrhachii
1106 1884 1214 1958 portas
1236 1877 1367 1942 Antonio

261 1981 383 2046 clausas
406 1982 505 2046 Bruto
528 1981 686 2061 aperuerit
708 1981 942 2062 exercitumque
964 1982 993 2045 ei
1014 1980 1189 2057 tradiderit,
1202 1980 1372 2060 quareAn-

260 2084 368 2148 tonius
401 2101 472 2148 oum
493 2089 613 2165 septem
635 2089 758 2147 tantum
781 2083 963 2148 cohortibus
984 2083 1112 2164 reliquis
1135 2081 1321 2162 Apolloniae
1341 2097 1377 2144 se

262 2193 369 2251 tenere
396 2192 523 2250 coactus
549 2185 600 2249 sit.
644 2185 712 2249 Iam
733 2203 807 2250 vero
830 2187 884 2250 illa
906 2203 1029 2267 quoque
1050 2185 1253 2265 reliquiarum
1268 2201 1380 2264 exspe-

262 2289 359 2353 ctatio
393 2289 512 2354 exitum
544 2288 714 2371 optabilem
747 2288 867 2366 habuit,
897 2289 982 2368 quod
1004 2288 1111 2352 alteris
1131 2286 1223 2350 Bruti
1243 2285 1382 2367 publicis

263 2390 377 2454 litteris
399 2392 438 2454 de
461 2391 495 2454 C.
519 2392 658 2455 Antonio
682 2397 774 2470 capto
795 2390 898 2454 missis
912 2391 1031 2454 Bomae
1048 2391 1207 2470 cognitum
1222 2395 1280 2454 est.
1313 2389 1384 2452 Ha-

261 2509 332 2556 rum
352 2493 529 2556 litterarum
551 2498 681 2573 excepta
702 2491 762 2555 hac
783 2491 822 2554 (16
845 2508 906 2570 qua
927 2491 1047 2570 agimus
1070 2491 1202 2572 epistola
1222 2509 1384 2572 nusquam

261 2594 380 2657 mentio
416 2593 461 2672 fit,
484 2594 544 2658 nisi
567 2593 651 2674 quod
672 2593 706 2656 in
727 2592 809 2656 Phil.
831 2591 911 2656 XIII
932 2593 977 2656 ita
999 2594 1037 2657 (16
1060 2592 1094 2657 G.
1116 2593 1256 2659 Antonio
1278 2593 1385 2674 loqui-

263 2700 316 2759 tur
348 2693 468 2772 Cicero,
498 2700 543 2772 ut,
573 2712 634 2776 quo
657 2694 708 2758 die
729 2694 807 2758 haec
829 2694 939 2758 habita
960 2695 1001 2758 sit
1024 2695 1135 2773 oratio,
1158 2713 1230 2759 eum
1251 2701 1385 2776 captum

263 2813 330 2862 esse
359 2797 479 2862 Romae
501 2798 564 2862 iam
587 2798 765 2862 constitisse
787 2802 948 2878 appareat.
990 2797 1072 2860 Nam
1093 2797 1258 2876 epistolam
1281 2815 1385 2878 quan-¹

263 2899 334 2966 dam
356 2901 399 2966 M.
422 2901 552 2966 Antonii
573 2901 709 2966 recitans
731 2901 775 2964 sic
797 2901 874 2964 dicit
886 2901 917 2983 (ἕ
933 2897 1004 2982 30)(
1020 2901 1264 2981 „Macedoniam
1278 2902 1385 2964 muni-

262 3002 303 3066 tis
331 3003 542 3068 exercitibus‘.
584 3005 628 3068 Et
649 3004 775 3084 quidem
795 3003 888 3066 fratri
909 3008 976 3081 tuo,
999 3003 1053 3082 qui
1074 3001 1205 3066 arabis
1226 3002 1304 3065 nihil
1327 3002 1385 3066 de-

261 3112 401 3184 generat,
424 3106 641 3184 extorsimus“‚
665 3113 698 3169 et
720 3104 752 3187 (5
774 3104 846 3184 32):
869 3104 1070 3185 „Apuleiana
1090 3105 1221 3184 pecnnia
1246 3104 1385 3168 Brutum

262 3206 612 3274 subomastis‘.-Nee
644 3208 728 3270 enim
761 3207 828 3270 sine
860 3207 994 3288 6666616
1015 3207 1185 3270 exercitum
1206 3206 1300 3286 alere,
1321 3223 1385 3272 666

262 3313 329 3376 6166
365 3311 505 3374 exercitu
537 3310 669 3393 fratrem
701 3316 791 3372 tuum
820 3325 931 3390 capere
952 3309 1133 3389 potuisset“.
1176 3308 1288 3390 Itaque
1310 3326 1385 3374 cum

264 3433 302 3478 ex
324 3431 377 3495 ep.
401 3413 442 3477 ad
463 3413 536 3477 fam.
558 3411 621 3474 XII
642 3412 693 3488 25,
717 3414 734 3475 1
758 3411 881 3476 eluceat
902 3411 1038 3475 Pansam
1059 3410 1308 3492 Quinquatribus
1333 3411 1384 3492 ((1.

265 3516 304 3581 19
333 3534 376 3579 m.
404 3513 526 3594 Martii)
563 3514 681 3577 Romae
712 3513 817 3592 fuisse,
851 3520 946 3594 atque
971 3514 998 3576 is
1029 3513 1110 3577 Phil.
1132 3513 1221 3592 XIII,
1234 3547 1274 3560 -
1287 3518 1386 3595 quam

263 3637 292 3682 a
319 3618 350 3683 d.
382 3617 461 3680 XIII
488 3616 560 3680 Kal.
580 3617 657 3697 Apr.
680 3617 726 3698 (d.
748 3618 790 3682 20
811 3635 852 3681 m.
875 3614 996 3697 Martii)
1019 3615 1160 3680 habitam
1182 3633 1250 3680 esse
1272 3634 1310 3680 ex
1332 3613 1390 3681 e‘.

263 3721 305 3784 ad
325 3719 402 3784 fam.
426 3719 456 3783 X
478 3721 499 3785 6
522 3719 633 3782 eodem
657 3719 707 3784 die
729 3719 804 3783 data
826 3726 958 3802 apparet
968 3753 1019 3797 -‚
1032 3717 1148 3782 diserte
1170 3718 1322 3783 dicaturt
1379 3735 1396 3786 6

262 3819 364 3886 Roma
391 3821 455 3886 iam
478 3821 637 3907 proiectus
660 3839 728 3886 esse
751 3820 802 3904 (ἐξ
827 3823 875 3900 16,
898 3821 949 3900 23,
971 3820 1039 3904 39),
1060 3820 1121 3885 hoc
1142 3838 1217 3886 vero
1239 3819 1308 3886 loco
1332 3819 1379 3888 Oi

264 3941 336 3988 cero
366 3923 489 3991 litteras
514 3923 607 3988 Bruti
634 3923 684 4007 ,in
705 3931 829 4006 tempus
850 3923 1153 3991 turbulentissimum
1174 3929 1246 4004 post
1268 3923 1379 3990 disces

269 4063 472 4074 ——n——ss-

367 4148 390 4215 ¹)
408 4145 456 4202 cfr
474 4147 602 4204 Schuetz.
620 4148 639 4202 1.
657 4163 680 4202 c.
698 4165 724 4217 p.
742 4145 805 4202 LXI
821 4161 862 4215 sq.
