3082 4856
1227 283 1269 348 45

172 474 421 544 communicatis
442 491 508 540 nno
530 493 602 539 cum
623 492 662 539 co
682 473 829 556 publices
849 473 974 538 litteras
994 471 1083 536 misit
1103 489 1313 554 1111111111-

174 579 378 655 mendentes‚
402 579 516 660 quibus
538 579 660 643 Romae
682 578 818 659 cognitis
842 575 957 642 *Oicero
985 580 1018 640 et
1045 575 1129 640 Phil.
1156 575 1237 640 Xlll
1257 575 1313 640 ha·

174 683 252 748 buit
272 687 305 746 et
326 682 370 746 ad
389 685 560 764 utrumqne
578 681 705 745 litteras
725 681 814 746 misit
835 678 893 764 (ed
912 679 990 743 lam.
1011 678 1042 742 X
1062 680 1084 744 6
1106 682 1140 742 11
1160 679 1227 759 27).

283 785 445 864 Quantum
473 801 511 848 ex
541 783 591 848 his
620 782 733 864 lepidi
759 783 875 848 litteris
907 781 1051 846 dolorem
1078 781 1198 862 ceperit
1225 780 1315 845 (1111-

174 907 237 967 ro‚.
251 905 328 952 sone
361 905 427 952 non
460 884 587 951 difficile
614 890 664 950 est
694 887 845 951 iudicare.
889 885 1063 966 Postquam
1096 883 1142 948 rei
1167 883 1315 965 publicae

174 997 360 1071 temporum
388 1007 484 1054 censa
510 1004 547 1053 ec
578 993 706 1070 praeter
739 989 837 1056 enimi
866 987 1058 1054 sententiam
1086 1003 1125 1049 eo
1158 985 1315 1052 adductus

174 1096 240 1172 est,
273 1097 310 1156 ut
343 1095 463 1156 auctor·
482 1091 652 1157 exsisteret
683 1091 816 1156 honoris
847 1106 942 1172 quem
977 1088 1162 1170 amplissimi
1194 1088 1314 1170 Lepido

173 1193 381 1274 decernendi,
405 1213 468 1275 qno
492 1194 531 1259 de
554 1194 676 1258 honore
697 1194 766 1275 ipse
788 1193 885 1276 (Phil.
908 1193 937 1256 V
958 1192 1015 1273 41)
1045 1207 1120 1274 „neo
1141 1191 1244 1270 vero⁴‘‚
1267 1191 1315 1255 in-

175 1299 262 1380 quit,
285 1297 450 1379 „cuiquam
471 1313 640 1392 possumus
662 1311 913 1363 commemorare
939 1295 1024 1359 hunc
1049 1293 1203 1360 honorem
1226 1311 1245 1357 a
1266 1309 1315 1358 se-

175 1405 260 1466 natu
281 1399 440 1464 tributum
460 1399 578 1463 iudicio
601 1403 732 1463 senatus
754 1397 860 1462 soluto
883 1402 917 1462 et
937 1395 1067 1475 lihero“,
1090 1395 1229 1477 Lepidus
1251 1413 1316 1460 non

174 1503 285 1569 solnm
307 1503 461 1567 honorem
481 1503 572 1569 illurn
594 1506 763 1583 tantopere
784 1501 986 1582 contempsit,
1005 1503 1043 1564 ut
1057 1517 1097 1564 ne
1111 1499 1232 1580 gratioe
1247 1498 1316 1580 qui-

176 1608 254 1672 dem
287 1605 414 1670 senatui
440 1609 558 1686 egeret,
587 1604 643 1668 sed
671 1604 768 1670 etium
796 1603 921 1669 duobus
946 1603 999 1667 vel
1024 1602 1127 1666 tubus
1154 1601 1316 1666 mensibus

176 1715 255 1793 post
277 1708 319 1772 ad
341 1725 452 1789 paoem
474 1707 663 1772 adhortatus
685 1707 817 1772 Antonii
832 1707 897 1787 egit
912 1723 1049 1772 causam.
1094 1705 1262 1769 Praeclare
1277 1703 1317 1768 dc

174 1813 241 1877 hac
262 1829 298 1876 re
321 1811 522 1876 Hermannus
544 1809 673 1889 iudicet,
697 1825 770 1874 curn
792 1811 837 1874 sic
860 1809 937 1874 dicit
951 1808 991 1890 ¹):
1022 1825 1128 1890 „wenn
1155 1824 1190 1872 er
1212 1807 1317 1889 (Lepi-

173 1915 255 1996 dus)
282 1913 370 1978 diese
397 1911 721 1994 (hobeserhehungen
748 1911 814 1976 und
836 1909 1080 1991 Belohnungen)
1100 1928 1166 1974 nun
1187 1910 1317 1974 wieder·

175 2035 236 2081 um
257 2016 355 2082 haum
378 2016 428 2079 ein
450 2015 643 2096 Vierteljehr
664 2020 772 2096 spiter
793 2014 893 2078 durch
912 2014 1000 2078 seine
1027 2011 1317 2092 Verwendungidr

184 2117 342 2182 Antonius
373 2117 547 2198 dergestalt
580 2115 735 2195 tinechte
770 2117 844 2180 dass
873 2133 907 2180 er
934 2115 1064 2180 diceros
1092 2112 1241 2194 Gegnern
1272 2113 1317 2178 im

187 2217 302 2284 Senate
321 2219 373 2284 die
395 2219 640 2300 gelehrlicnsten
662 2216 791 2282 Waffen
812 2219 846 2282 in
862 2217 914 2282 die
931 2217 1027 2281 Hand
1041 2215 1113 2297 gab,
1130 2233 1165 2280 so
1180 2216 1267 2280 1111111
1283 2233 1316 2280 es

185 2339 248 2386 uns
270 2323 419 2388 wahrliuh
441 2321 530 2386 nicht
551 2321 696 2385 Wrnrder
714 2317 861 2402 nahmen,
883 2337 974 2386 wenn
997 2320 1108 2385 Oicero
1129 2321 1164 2384 in
1185 2319 1243 2384 der
1263 2335 1316 2399 ge

179 2425 308 2490 reizten
330 2425 510 2506 Stimmung
531 2425 598 2489 und
620 2425 803 2507 sparnum,
824 2425 858 2488 in
878 2423 995 2489 welche
1013 2423 1069 2487 ihn
1089 2423 1141 2488 die
1154 2423 1317 2502 Bedrenp

180 2527 253 2592 nise
275 2528 330 2592 des
353 2527 568 2608 Augenhliclrs
590 2533 738 2607 versetzt
762 2527 861 2592 schon
882 2527 1005 2592 damols
1027 2543 1090 2590 von
1112 2525 1170 2589 der
1190 2525 1318 2590 11111111-

181 2630 376 2711 wdrdigkeit
391 2630 472 2694 -und
505 2630 820 2711 Unznrerlissigkeit
851 2630 907 2694 des
941 2631 1075 2694 Mannes
1107 2629 1238 2711 sprioht,
1266 2625 1319 2692 die

178 2733 310 2798 freilioh
338 2738 448 2816 spiter
477 2734 563 2798 noch
594 2734 627 2797 in
659 2733 721 2798 riel
754 2734 921 2813 grellerem
953 2731 1065 2797 Lichte
1097 2733 1319 2796 hervortreten

179 2835 307 2902 sollte.
333 2869 371 2884 ·-
393 2836 437 2900 At
458 2836 509 2900 hic
531 2835 648 2900 dixerit
668 2835 826 2916 quispiam
847 2835 928 2899 nihil
941 2836 1007 2898 tale
1028 2835 1062 2898 in
1077 2835 1221 2899 oratione
1236 2831 1319 2899 Phil.

178 2938 268 3003 XlH
288 2937 436 3019 inveniri,
458 2940 554 3004 immo
578 2937 763 3004 0111111111
784 2939 891 3002 dicere
914 2937 1065 3019 optimam
1088 2939 1130 3002 de
1149 2937 1270 3019 Lepido
1285 2956 1319 3003 se

179 3059 276 3124 spem
297 3040 417 3107 habere
439 3042 471 3125 (ξ
489 3042 532 3124 8).
556 3041 720 3108 stultitiae
734 3057 811 3106 vero
834 3046 883 3106 est
905 3057 943 3106 cx
965 3041 1109 3105 oratione
1123 3041 1252 3122 publice
1264 3041 1320 3106 ha-

181 3144 257 3208 hita
277 3163 428 3209 sensuum
449 3145 642 3212 mentionem
664 3144 849 3208 intimorum
870 3159 1023 3226 quaerere
1044 3143 1180 3206 hominio
1195 3147 1321 3211 tantum

179 3247 377 3329 praesertim
399 3248 432 3312 in
454 3265 489 3310 re
510 3247 639 3328 publica
659 3247 778 3311 versati
801 3253 897 3328 etque
918 3259 1123 3328 peromnem
1144 3245 1211 3310 iere
1233 3249 1320 3310 oete

180 3354 255 3414 tern
277 3347 528 3414 dissimulatione
550 3350 678 3429 assueti,
698 3365 774 3414 cnm
796 3365 835 3413 ex
857 3349 925 3414 eius
946 3349 997 3414 oui
1019 3349 1061 3414 sit
1081 3348 1182 3412 iratus
1203 3348 1236 3412 in
1254 3365 1322 3414 rem

181 3451 350 3534 publicam
382 3454 488 3517 animo
521 3452 653 3516 libertus
685 3452 780 3520 huius
811 3452 959 3534 pendeat.
1003 3452 1115 3533 Neque
1147 3469 1184 3516 eo
1216 3451 1322 3516 minus

179 3553 268 3636 qnid
283 3572 319 3618 re
329 3573 406 3621 vero
421 3556 462 3620 de
477 3554 598 3636 lepido
618 3555 807 3635 cogitauerit
822 3555 942 3634 Cicero,
960 3573 998 3619 ex
1015 3555 1085 3636 ipsa
1099 3554 1159 3618 hac
1177 3555 1322 3619 oratione

178 3657 340 3739 perlucet,
364 3658 459 3724 modo
480 3657 580 3722 rerba
601 3657 672 3722 elus
691 3662 780 3722 recte
794 3655 1089 3741 interpretemini).
1123 3657 1232 3722 Liceat
1245 3674 1322 3740 pree

181 3759 304 3824 ceteris
326 3759 407 3824 haec
428 3759 541 3825 offerre
564 3759 617 3843 (ἐξ
641 3759 782 3842 13-15)
805 3777 886 3842 quae
907 3777 948 3826 ne
969 3761 1233 3841 interpretatione
1255 3759 1323 3842 qui·

179 3861 263 3927 dem
285 3863 463 3944 indigeant:
488 3867 605 3944 „atquc
628 3862 724 3926 etiem
746 3862 808 3926 hoc
823 3861 866 3928 M.
883 3862 1004 3944 Lepido
1018 3862 1248 3944 providendum
1264 3869 1322 3943 est,

296 4102 319 4169 ²)
338 4099 356 4154 l.
376 4117 399 4156 1.
417 4117 443 4170 p.
462 4102 504 4157 15.

291 4189 319 4255 ²)
338 4187 399 4253 Qua
418 4187 452 4243 de
470 4204 501 4243 re
521 4187 564 4242 cfr
582 4186 676 4243 Cobet.
695 4188 713 4240 l.
732 4203 756 4242 c.
773 4205 800 4256 p.
819 4187 869 4242 266
887 4203 926 4255 sq.
