3082 4856
177 287 183 290 -
251 249 269 310 6

205 437 334 521 quidem
357 435 396 500 ab
420 435 531 499 eadem
558 434 718 499 sententia
745 435 848 500 aversi
869 453 939 500 esse
966 435 1124 499 videntur.
1168 435 1239 514 Alii,
1273 436 1338 500 vel-

205 545 241 604 ut
278 539 331 602 Fr.
358 537 559 602 Hofmannus
573 538 610 616 ¹),
642 537 681 601 B.
709 536 937 617 Boeckehus‘2)
980 537 1060 602 nihil
1088 537 1166 601 certi
1198 537 1338 604 iudicare

204 641 265 723 ipsi
288 639 357 704 ausi
379 643 462 704 sunt.
505 639 650 721 Denique
674 636 709 702 Ο.
732 637 771 704 G.
795 637 936 702 Oobetus
957 639 991 703 in
1006 637 1249 719 Mnemosyna³)
1271 658 1337 704 non

204 743 307 807 solum
328 740 472 822 plurimis
495 745 528 805 et
548 740 741 821 gravissimis
763 739 938 804 Hermanni
959 739 1155 820 argumentis
1175 739 1331 822 interpre-

203 843 443 923 tationibusque
475 843 622 922 repetitis
655 841 756 906 auctis
789 839 984 906 confirmatis
1016 841 1103 906 haud
1141 858 1244 923 pauca
1269 843 1337 924 ipse

203 945 329 1022 adiecit,
352 961 434 1025 quae
456 944 591 1008 maxime
614 944 655 1007 ad
683 942 897 1008 emendandos
925 943 1067 1022 singulos
1088 944 1176 1006 locos
1197 945 1338 1024 pertine-

202 1051 284 1124 rent,
307 1045 364 1111 sed
391 1045 488 1109 etiam
515 1045 776 1113 adnotationibus
804 1044 963 1108 historicis
991 1049 1024 1108 et
1053 1045 1180 1125 criticis,
1204 1063 1282 1128 quas
1303 1046 1337 1109 in

202 1150 316 1214 iisdem
339 1148 508 1213 annalibus
530 1147 571 1211 ad
598 1147 764 1211 Plutarchi
790 1146 890 1210 vitam
916 1146 961 1210 M.
989 1146 1080 1210 Bruti
1096 1147 1125 1230 4)
1148 1152 1180 1212 et
1202 1148 1244 1212 ad
1266 1166 1337 1212 ora-

202 1253 306 1316 tiones
328 1251 525 1331 Philippicas
537 1248 566 1332 5)
590 1249 726 1330 scripsit,
750 1249 856 1313 omnia
879 1266 960 1329 quae
981 1249 1015 1312 in
1036 1249 1075 1312 iis
1104 1250 1222 1330 insunt,
1254 1268 1336 1331 quae

201 1354 245 1417 ad
276 1354 335 1417 has
369 1354 409 1416 de
442 1352 556 1434 quibus
590 1352 714 1433 agimus
740 1351 890 1431 epistolas
916 1352 1122 1432 pertinerent,
1157 1371 1229 1417 cum
1257 1353 1335 1434 ipsis

202 1455 346 1537 epistolis
381 1455 500 1535 optime
534 1453 702 1518 convenire
731 1452 975 1516 demonstravit:
1009 1452 1147 1535 denique
1174 1458 1279 1518 totum
1301 1471 1336 1518 se

202 1557 243 1622 ab
269 1557 447 1621 Hermanui
468 1555 584 1618 iudicio
608 1553 829 1635 sententiaque
852 1557 937 1617 stare
958 1552 1138 1634 profitetur.

305 1658 367 1735 Qui
395 1675 470 1721 vero
497 1656 641 1737 proxime
668 1660 771 1720 totam
797 1656 879 1720 hanc
910 1656 950 1720 de
982 1653 1045 1720 fide
1063 1661 1111 1720 'et
1143 1659 1335 1722 auctoritate

201 1761 408 1842 epistolarum
436 1758 596 1822 Ciceronis
627 1763 659 1822 et
690 1758 782 1821 Bruti
814 1757 1032 1837 quaestionem
1060 1760 1242 1839 complexus
1274 1765 1333 1838 est,

200 1863 321 1928 Paulus
354 1860 540 1943 Meyerusss)
576 1862 661 1925 omni
694 1879 732 1925 ex
764 1863 855 1942 parte
887 1859 988 1923 fusius
1022 1866 1054 1925 et
1086 1862 1210 1943 plenius
1238 1878 1335 1943 quam

200 1965 322 2049 priores
345 1963 505 2028 tractavit.
539 1963 644 2044 Atque
659 1963 713 2027 ille
728 1963 856 2043 quidem
871 1961 1095 2027 dissertatione
1117 1963 1196 2028 satis
1214 1963 1330 2043 ampla,

199 2073 370 2149 postquam
403 2066 540 2147 primum
572 2065 612 2128 de
645 2065 799 2130 librorum
826 2083 923 2128 manu
949 2065 1139 2145 scriptorum
1164 2063 1228 2130 fide
1269 2065 1334 2145 egit

200 2171 286 2253 (cap.
330 2168 371 2251 I),
412 2187 475 2248 qua
513 2185 552 2231 ex
589 2172 681 2248 parte
723 2171 819 2246 negat
856 2167 1025 2248 quicquam
1064 2167 1104 2231 de
1142 2167 1334 2232 auctoritate

201 2272 409 2352 epistolarum
431 2269 600 2333 diiudicari
621 2286 724 2350 posse,
747 2272 816 2331 tum
843 2285 918 2331 vero
947 2269 1143 2348 quaestione,
1172 2287 1266 2351 quam
1294 2269 1334 2332 de

200 2371 398 2452 temporibus
426 2370 632 2452 epistolarum
659 2369 853 2449 singularum
880 2387 1050 2451 rerumque
1082 2376 1242 2450 gestarum
1269 2389 1334 2434 me-

200 2474 302 2537 moria
333 2473 447 2536 iisdem
484 2472 604 2536 tradita
635 2470 783 2548 instituit,
813 2475 1009 2551 pertractata
1044 2472 1127 2554 (cap.
1155 2472 1213 2554 II),
1241 2473 1335 2536 innu-

139 2585 143 2592 '
200 2575 407 2640 merabihbus
428 2575 505 2654 iere,
527 2574 576 2637 uti
602 2573 664 2654 ipsi
691 2573 826 2651 videtur,
854 2572 976 2637 fraudis
1009 2573 1133 2638 indiciis
1164 2573 1334 2655 patefactis

200 2683 304 2743 totum
332 2677 393 2742 hoc
420 2677 627 2758 epistolarum
656 2693 771 2756 corpus
797 2675 939 2756 spurium
966 2694 1036 2740 esse
1069 2677 1131 2740 sibi
1162 2677 1330 2758 persuasit,

201 2780 336 2860 denique
357 2780 391 2842 in
413 2778 558 2842 oratione
586 2795 711 2860 quoque
739 2782 770 2841 ct
798 2778 831 2841 in
859 2777 1089 2842 sententiarum
1115 2796 1199 2842 nexu
1226 2795 1263 2842 ac
1284 2781 1331 2842 te

201 2901 278 2947 nore
310 2882 478 2963 permulta,
513 2900 594 2963 quae
631 2880 671 2944 ab
705 2897 765 2944 usu
802 2879 948 2944 Tulliano
981 2879 1075 2944 nimis
1112 2880 1330 2958 abhorrerent,

200 2984 304 3049 inesse
330 2985 523 3048 existimavit
553 2985 636 3067 (cap.
658 2982 739 3065 111):
762 2983 826 3046 iam
847 2982 933 3046 unde
954 2981 1079 3062 singula
1101 3000 1183 3062 quae
1205 2999 1332 3063 quoque

200 3086 271 3150 loco
295 3090 423 3150 exstant
444 3086 613 3168 desumpta
635 3090 667 3149 et
686 3102 705 3148 a
726 3083 856 3147 falsario
879 3083 912 3146 in
927 3083 986 3147 has
1006 3085 1157 3165 epistolas
1176 3085 1333 3148 translata

203 3192 319 3267 essent,
349 3188 410 3251 sibi
437 3187 652 3269 quaerendum
678 3185 847 3266 proposuit
874 3187 956 3267 (cap.
989 3186 1060 3267 IV),
1094 3191 1190 3269 atque
1223 3205 1261 3252 cx
1292 3186 1333 3251 iis

306 3444 330 3510 ¹)
348 3442 544 3510 Ausgewthlte
562 3440 666 3496 Briele.
693 3441 716 3506 1,
734 3441 751 3494 4
768 3438 841 3494 Aufl.
868 3441 944 3494 Einl.
963 3457 989 3510 p.
1008 3442 1083 3495 2-4.

307 3530 330 3595 ²)
350 3527 497 3581 Ciceronis
528 3543 590 3596 epp.
612 3526 734 3580 selectae
761 3541 814 3579 von
844 3525 947 3596 Shplle.
982 3527 1000 3581 8
1024 3524 1097 3578 Auli.
1124 3540 1177 3579 von
1203 3525 1333 3580 Boeckel.

202 3613 367 3678 Karlsruhe,
386 3613 462 3667 1880.
489 3629 515 3680 p.
534 3612 568 3666 38
587 3610 650 3665 adn.

306 3699 331 3766 ³)
349 3698 541 3768 Mnemosyne.
576 3698 654 3752 Nova
672 3698 770 3752 series.
805 3697 869 3751 Vol.
887 3697 940 3751 VII
958 3695 1053 3765 (1879)
1070 3712 1116 3765 pp.
1134 3695 1278 3751 ror-297.

307 3786 330 3851 ⁴)
350 3784 541 3852 Mnemosyne,
559 3790 575 3835 1.
595 3798 617 3836 c.
636 3799 663 3851 p.
682 3782 697 3835 1
717 3797 775 3850 sqq.
795 3788 823 3837 et
839 3782 891 3836 225
909 3797 967 3849 sqq.

306 3868 331 3934 ³)
349 3868 538 3936 Mnemosyne,
556 3868 574 3922 l.
594 3883 617 3920 c.
635 3884 663 3937 p.
681 3867 732 3921 113
751 3883 809 3936 sqq.

306 3951 565 4032 ⁶)·Untersuehung
584 3953 653 4007 uber
671 3952 717 4008 die
735 3953 825 4020 Frage
840 3951 1037 4006 dechhtheit
1055 3951 1105 4006 des
1121 3950 1334 4006 Brielwechsels

203 4039 303 4094 Cicero
330 4036 365 4090 acl
383 4037 499 4090 Brutum
521 4037 605 4092 sowol
626 4054 688 4092 vom
715 4038 906 4092 historischen
928 4038 970 4092 als
988 4053 1050 4091 vom
1068 4037 1264 4105 sprachlichen
1282 4038 1336 4092 Ge·

202 4121 381 4191 sichtspunlrt
406 4137 463 4176 aus.
499 4122 573 4176 Diss.
591 4123 685 4178 Turio.
704 4123 850 4192 stuttgart,
869 4123 943 4180 1881.
