3048 4850
292 252 334 314 94

250 439 434 504 omnibusne
465 457 526 520 pax
558 457 625 504 esse
653 441 761 520 possit,
795 458 836 504 an
868 441 911 504 sit
932 440 1060 521 aliquod
1083 440 1199 504 bellum
1221 442 1360 521 inexpia-

249 542 322 620 bile,
355 540 388 603 in
420 558 481 620 quo
515 541 618 624 pactio
646 543 731 622 pacis
753 542 803 606 lex
825 543 866 606 sit
888 541 1076 606 servitutis“.
1122 540 1175 604 oa
1197 547 1363 623 praeterea

250 662 320 723 epp.
343 643 385 706 ad
404 643 479 706 farn.
502 642 531 706 Χ
551 644 603 722 27;
625 643 688 706 XII
710 645 739 721 2,
763 645 793 722 2;
817 645 845 716 3,
873 647 900 707 1.

351 745 442 822 Quod
475 745 563 809 addit
597 744 704 810 Cicero
736 747 842 810 studia
873 764 938 809 non
965 745 1100 810 defuisse
1123 764 1211 809 arma
1232 764 1363 827 poscen-

249 847 337 925 tium,
361 866 494 928 quorum
516 849 661 912 ardorem
682 865 750 912 esse
771 849 963 925 restinctum,
987 865 1023 912 eo
1045 853 1171 928 praeter
1192 848 1278 912 locos
1300 850 1363 912 iarn

250 950 364 1014 allatos
397 951 452 1032 (ad
484 952 549 1015 nn.
571 950 646 1014 XIV
670 951 719 1027 10,
744 953 760 1012 1
785 955 817 1013 et
837 950 896 1014 XV
919 952 968 1027 11,
990 951 1025 1028 2,
1047 949 1128 1013 Phil.
1154 950 1184 1013 X
1209 951 1261 1032 14)
1285 951 1363 1016 haec

250 1053 409 1133 pertinent
440 1054 480 1117 ad
513 1053 652 1117 Atticum
683 1053 815 1133 scripta:
839 1053 1015 1133 ,exsultant
1036 1051 1158 1116 laetitia
1179 1053 1211 1116 in
1233 1054 1364 1118 munici-

250 1154 324 1235 piis;
358 1155 419 1218 dici
452 1155 533 1218 enim
565 1173 628 1218 non
651 1160 764 1236 potest,
787 1158 982 1236 quantopere
1003 1155 1169 1234 gaudeant,
1192 1161 1229 1218 ut
1251 1157 1292 1220 ad
1314 1175 1364 1221 me

252 1263 447 1333 concurrant,
471 1263 506 1320 ut
528 1258 637 1320 audire
659 1258 787 1339 cupiant
808 1275 879 1322 mea
899 1258 998 1322 verba
1020 1258 1060 1322 de
1081 1276 1115 1322 re
1137 1277 1167 1338 p.
1211 1259 1278 1322 Nec
1299 1259 1365 1322 ulla

250 1361 372 1424 interea
404 1360 544 1438 decreta3
577 1361 621 1424 sic
654 1362 736 1424 enim
767 1359 1011 1443 πεπολιτεύμεθα,
1033 1365 1069 1423 ut
1089 1361 1189 1424 victos
1211 1367 1366 1425 metuere·

251 1460 335 1524 mus“
367 1461 457 1543 (XIV
484 1463 513 1539 6,
542 1461 586 1543 2),
615 1468 647 1525 et
676 1480 773 1544 ,nunc
803 1468 907 1526 autem
929 1463 1071 1526 videmur
1092 1461 1231 1526 habituri
1253 1463 1366 1526 ducem

253 1563 488 1646 (Dolabellam),
512 1565 595 1644 quod
617 1583 713 1627 unum
734 1565 903 1643 municipia
918 1564 1053 1644 bonique
1069 1564 1368 1647 desiderant“(XIV

253 1669 303 1744 20,
325 1667 370 1747 4).

355 1767 424 1848 §h
469 1768 578 1832 Cicero
611 1774 786 1849 postquam,
800 1813 805 1824 .
821 1774 1012 1849 quantopere
1045 1787 1102 1832 sua
1123 1770 1162 1833 de
1183 1789 1218 1834 re
1240 1770 1364 1851 publica

170 1891 173 1895 ’
252 1870 415 1934 hberanda
435 1871 516 1934 ratio
540 1876 572 1934 et
592 1871 668 1952 ipsis
690 1871 799 1935 idibus
821 1870 944 1934 Martiis
966 1876 998 1934 et
1018 1872 1161 1952 proximo
1184 1877 1256 1952 post
1275 1871 1360 1934 illum

253 1973 335 2036 diem
368 1977 509 2052 tempore
537 1991 555 2036 a
581 1973 672 2036 Bruti
694 1973 817 2036 ratione
837 1972 1061 2050 abhorruisset,
1085 1972 1167 2036 hunc
1190 1990 1363 2037 commone-

253 2075 336 2154 fecit,
370 2075 471 2156 prima
497 2075 589 2137 huius
611 2075 763 2155 epistolae
781 2075 883 2155 partis
906 2076 1064 2140 sententia
1086 2075 1161 2156 quid
1182 2074 1276 2138 huius
1293 2074 1365 2138 effe-

255 2183 339 2242 ctum
372 2177 412 2240 sit
432 2178 555 2242 ratione
576 2177 683 2241 docet:
710 2195 777 2241 rem
798 2178 831 2241 in
853 2196 924 2242 eum
947 2179 1050 2242 locum
1072 2179 1240 2242 deductam
1261 2177 1367 2256 fuisse,

254 2287 300 2359 ut,
332 2281 393 2344 nisi
425 2279 541 2344 Caesar
564 2279 753 2344 Octavianus
775 2280 913 2343 Antonio
935 2281 1112 2358 restitisset,
1146 2280 1179 2343 in
1200 2279 1293 2343 huius
1316 2297 1370 2342 ve-

255 2383 404 2446 niendum
425 2380 520 2447 fuerit
551 2387 750 2461 potestatem,
774 2400 907 2462 quocum
930 2387 1047 2462 quanto
1069 2387 1144 2446 tunc
1165 2383 1269 2464 ipsum
1288 2383 1372 2464 peri-

257 2485 327 2547 culo
360 2483 570 2546 dimicandum
601 2483 651 2559 sit,
685 2483 788 2562 ipsum
816 2482 931 2560 videre,
956 2483 1040 2563 quod
1061 2482 1187 2562 quidem
1210 2489 1372 2548 certamen

256 2584 376 2650 nullum
410 2601 486 2662 esse,
509 2585 570 2647 nisi
590 2585 645 2648 illo
668 2584 719 2648 die
741 2590 942 2649 conservatus
967 2591 1050 2648 esset
1070 2586 1236 2650 Antonius.
1281 2587 1372 2664 Quae

256 2685 411 2751 sententia
432 2685 480 2750 his
502 2687 635 2751 maxime
657 2687 734 2752 locis
755 2688 945 2752 illustratur:
968 2687 1049 2752 Phil.
1072 2688 1220 2767 1112-8,
1243 2689 1301 2767 383
1324 2689 1372 2753 IV

256 2791 324 2854 3-4
343 2788 399 2853 ubi
419 2807 496 2870 prae
519 2790 629 2854 ceteris
651 2789 728 2854 haec
751 2789 840 2854 dicit:
864 2792 951 2872 ,quis
974 2795 1022 2853 ost
1043 2790 1126 2853 enim
1149 2790 1202 2870 qui
1223 2789 1283 2854 hoc
1305 2808 1371 2854 111

255 2892 426 2974 intellegat,
460 2893 520 2956 nisi
552 2891 668 2957 Caesar
701 2893 870 2958 exercitum
891 2893 1075 2973 paravisset,
1098 2910 1161 2956 non
1183 2888 1250 2956 sine
1273 2893 1371 2958 exitio

255 3000 363 3060 nostro
395 2996 536 3061 futurum
557 2995 686 3059 Antonii
707 2995 844 3060 reditum
864 2994 993 3058 iuisse“l
1016 2995 1044 3058 V.
1066 2995 1177 3059 42-44
1198 2995 1305 3075 ,venio
1329 2997 1373 3060 ad

257 3099 291 3163 O.
320 3098 496 3176 Gaesarem,
525 3118 555 3178 p.
585 3115 621 3176 a,
650 3098 703 3179 qui
728 3097 788 3160 nisi
814 3095 935 3175 fuisset,
963 3097 1033 3178 quis
1059 3101 1203 3162 nostrum
1225 3115 1292 3162 esse
1315 3117 1374 3180 po-

255 3201 401 3266 tuisset‘?
428 3220 455 3265 e.
484 3219 515 3281 q.
542 3217 577 3278 s.;
604 3199 684 3264 XHI
712 3199 819 3264 18-19
842 3217 919 3282 ,quo
943 3205 1085 3281 tempore
1108 3200 1140 3263 di
1161 3200 1222 3281 ipsi
1242 3201 1372 3265 immor-

256 3305 335 3368 tales
367 3303 557 3383 praesidium
588 3302 792 3383 improvisum
822 3320 879 3366 nec
911 3301 1113 3383 opinantibus
1135 3302 1227 3366 nobis
1249 3303 1372 3368 obtule-

256 3411 343 3470 runt:
367 3404 510 3469 Caesaris
533 3405 616 3468 enim
636 3404 827 3468 incredibilis
849 3422 885 3468 ac
906 3404 1015 3467 divina
1034 3404 1135 3468 virtus
1153 3405 1291 3469 latronis
1313 3406 1371 3469 im-

256 3513 347 3589 petus
379 3507 520 3572 crudeles
542 3511 575 3570 et
599 3506 785 3571 furibundos
812 3507 1012 3585 retardavit”;
1035 3506 1327 3586 111111Χ1Ι25,
1350 3509 1372 3571 4

258 3628 351 3692 ,puer
374 3609 456 3674 enim
477 3609 621 3688 egregius
642 3608 862 3690 (Octavianus)
885 3609 1079 3690 praesidium
1100 3609 1160 3672 sibi
1180 3609 1315 3690 primum
1337 3616 1371 3673 et

257 3712 358 3790 nobis,
381 3711 494 3775 deinde
516 3729 656 3776 summae
677 3712 723 3776 rei
744 3711 887 3792 publicae
909 3711 1114 3792 comparavit,
1139 3711 1192 3792 qui
1213 3711 1273 3774 nisi
1294 3710 1371 3775 fuis-

257 3821 315 3892 set,
337 3813 468 3880 Antonii
489 3813 609 3877 reditus
631 3833 651 3877 a
671 3813 840 3902 Brundisio
862 3815 960 3894 pestis
983 3813 1104 3895 patriae
1125 3813 1263 3876 fuisset&

357 3915 479 3980 Deinde
512 3917 556 3980 sio
588 3918 691 3998 pergit
725 3916 844 3996 Cicero,
866 3921 903 3979 ut
925 3916 1044 3980 scribat
1066 3916 1238 3997 praeterita
1258 3915 1313 3980 illa
1334 3934 1368 3980 se

259 4018 403 4083 omittere
429 4019 518 4097 velle,
542 4020 777 4099 quoniamrem
800 4037 819 4082 a
839 4019 939 4082 Bruto
962 4023 1083 4097 gestam
1105 4036 1168 4082 111
1188 4018 1236 4081 las
1259 4018 1300 4082 sit
1322 4037 1371 4082 re-

257 4120 460 4202 prehendere,
484 4121 598 4204 qnippe
620 4139 701 4202 quae
722 4140 762 4185 ne
776 4121 897 4184 laudari
912 4120 1038 4200 quidem
1052 4107 1130 4184 satis
1144 4120 1254 4201 possit.
1286 4121 1370 4184 Ean-
