3082 4856
293 237 336 304 50

250 443 408 507 hominem
430 442 530 521 daret,
553 461 615 523 quo
638 449 869 523 concurrerent,
884 479 926 492 -
943 445 1027 527 quod
1048 446 1152 510 iacere
1168 462 1223 510 eos
1239 445 1366 528 quidem

250 544 348 610 nihilo
370 543 482 623 minus,
505 544 670 609 sedilium
692 545 914 626 erepublica
941 564 1004 611 non
1032 547 1232 612 alienandum
1254 565 1289 612 se
1309 565 1370 628 pu·

251 652 336 712 tasse
351 667 411 710 -2
434 644 527 710 finem
549 646 645 728 igitur
669 663 703 710 se
724 647 852 711 tandem
884 647 996 714 iecisse
1029 649 1095 731 eius
1117 649 1248 732 ferendi,
1282 649 1367 730 quod

251 754 341 813 tanta
362 748 529 813 insolentia
550 766 620 828 1111
639 749 702 812 iam
726 749 888 830 coepisset,
911 755 948 815 ut
969 751 1126 816 neminem
1152 751 1287 816 liberum
1309 751 1367 815 du-

252 855 345 916 ceret.
400 851 480 916 Tum
512 851 712 915 contentione
739 851 794 916 illa
826 869 860 916 11
892 851 1035 919 effecisse
1067 858 1168 935 putat,
1207 858 1243 918 ut
1273 854 1301 918 is
1331 853 1367 917 in

251 959 437 1035 perpetuum
463 953 635 1019 modestior
661 953 786 1018 iuturus
813 960 906 1019 esset.
959 958 1009 1020 De
1039 955 1207 1021 insolentia
1240 955 1367 1037 quidmn

253 1054 384 1135 Servilii,
413 1056 497 1137 quod
517 1056 624 1135 sciam,
658 1054 734 1120 alibi
754 1074 909 1138 nusquam
933 1057 1051 1124 mentio
1073 1056 1119 1137 fit,
1152 1057 1207 1123 sed
1231 1059 1370 1123 leniores

251 1159 401 1239 quasdam
424 1175 495 1223 eum
517 1158 662 1223 Ciceroni
682 1159 783 1223 visum
811 1176 878 1223 esse
905 1158 944 1224 de
974 1159 1111 1224 Antonio
1133 1159 1261 1240 eiusque
1283 1177 1369 1224 asse-

252 1261 328 1325 culis
350 1260 454 1324 dicere
475 1261 646 1325 sententias
677 1260 759 1325 Phil.
781 1259 856 1325 XIV
884 1258 934 1342 (55
957 1261 986 1339 1,
1011 1261 1060 1340 11,
1083 1259 1139 1343 23)
1161 1260 1369 1344 indicatur-¹).

253 1361 344 1440 Quod
365 1368 470 1428 autem
493 1361 601 1427 cicero
622 1362 674 1427 hic
695 1363 734 1428 de
749 1361 889 1426 discidiis
909 1361 1010 1443 factis
1033 1380 1114 1443 quae
1135 1363 1271 1427 maxima
1290 1367 1385 1430 tunc

251 1467 284 1529 in
316 1471 427 1530 senatu
458 1464 555 1529 111111
587 1469 720 1543 constat,
748 1465 891 1529 nonnihil
924 1449 1033 1546 aperit,
1071 1465 1223 1531 Plancum
1256 1465 1368 1532 eadem

252 1572 322 1634 cum
343 1569 527 1650 plemmque
547 1570 615 1631 tum
635 1567 669 1630 in
695 1567 828 1648 epistola
856 1565 950 1631 modo
976 1567 1074 1631 allata
1106 1585 1200 1648 quarn
1231 1570 1369 1635 maxime

252 1671 342 1748 celat,
358 1668 499 1732 -hominis
520 1668 684 1748 utriusque
705 1669 868 1748 praeclare
890 1667 1045 1732 rationem
1067 1668 1213 1734 habuisse
1227 1669 1369 1753 videtum

251 1777 320 1838 erat
342 1770 425 1835 enirn
439 1770 549 1834 Planci
570 1770 691 1834 animus
722 1771 832 1853 quovis
860 1769 954 1834 modo
976 1767 1207 1835 confirmandus
1231 1777 1264 1837 et
1286 1775 1365 1838 exci-

250 1874 376 1952 tandus,
409 1873 507 1938 Bruto
540 1889 644 1937 rerum
676 1872 868 1938 urbanarum
899 1873 981 1938 ratio
1015 1878 1160 1938 accurate
1196 1875 1362 1940 reddenda.

252 1979 384 2043 Prorsus
406 1976 516 2042 eodem
538 1976 668 2042 consilio
695 1975 728 2040 11
756 1976 889 2058 epistola
910 1975 1081 2040 Planciana
1112 1981 1238 2058 praeter
1266 1977 1364 2044 Servi·

250 2081 328 2146 lium
348 2079 441 2144 unius
463 2079 499 2143 P.
521 2079 596 2143 Titii
616 2078 833 2143 intercessoris
855 2077 973 2143 mentio
1000 2076 1046 2157 fit,
1078 2079 1111 2142 in
1137 2079 1197 2145 hac
1217 2097 1293 2144 uero
1316 2099 1370 2145 ex-

251 2190 352 2250 trema
372 2182 451 2247 haec
472 2180 645 2245 adduntur:
669 2181 813 2263 „(cecidit
828 2179 993 2263 Servilius)
1010 2182 1186 2262 complures
1201 2188 1372 2263 praeterea

255 2290 391 2350 --sunt
417 2284 500 2349 enim
525 2283 663 2363 insignes
691 2282 821 2363 aliquot,
855 2283 908 2363 qui
940 2282 1169 2364 improbissime
1200 2285 1371 2350 sentiunt“.

251 2389 301 2452 De
322 2386 448 2451 Lentuli
470 2385 595 2448 demum
615 2383 728 2448 litteris
755 2383 796 2448 ad
821 2383 973 2449 Plancum
1005 2384 1084 2449 nihil
1115 2403 1183 2450 1111
1215 2387 1372 2470 scriptum

253 2489 331 2555 adeo
354 2505 418 2552 non
440 2492 497 2566 est,
520 2486 605 2567 quod
626 2486 784 2564 miremur,
806 2490 843 2549 ut
865 2485 1020 2551 sicarum
1042 2489 1159 2553 mentio
1174 2487 1259 2553 facta
1273 2494 1369 2569 esset,

253 2593 321 2657 iure
364 2589 606 2668 offenderemus,
648 2605 750 2669 neque
793 2587 875 2651 enim
908 2588 940 2651 11
976 2593 1026 2652 tot
1069 2588 1136 2672 (24)
1181 2590 1322 2671 epistolis
1349 2611 1372 2656 a

253 2695 405 2760 Cicerone
427 2710 497 2756 cnm
518 2690 572 2755 illo
595 2689 740 2755 Caesaris
756 2689 856 2755 amico
874 2691 1111 2756 communicatis
1133 2710 1196 2757 uno
1213 2692 1369 2758 vocabulo

253 2798 303 2862 vel
324 2797 367 2861 M.
389 2795 480 2860 Bruti
500 2793 550 2858 vel
572 2792 671 2858 Cassii
692 2791 729 2858 fit
749 2791 914 2875 mantici).

353 2899 472 2964 Dahis
493 2896 607 2963 litteris
628 2896 664 2961 P.
677 2896 803 2961 Lentuli
825 2913 902 2977 quas
925 2903 1151 2962 commemorat
1165 2895 1284 2978 Cicero,
1306 2899 1371 2962 nisi

254 3019 334 3086 quae
354 3002 416 3066 hoc
436 3001 506 3064 loco
528 2997 754 3080 significantur,
779 2997 859 3063 nihil
884 2997 1037 3064 traditum
1063 2999 1248 3081 accepimus,
1271 3004 1372 3081 atque

254 3106 401 3171 continuo
432 3104 662 3184 vituperatores
698 3100 811 3164 harum
842 3099 1056 3181 epistolarum,
1090 3101 1144 3166 alii
1174 3103 1261 3167 velut
1281 3101 1370 3166 Mar-

252 3207 387 3275 klandus
409 3211 441 3271 et
462 3201 639 3286 Meyerus³)
661 3206 817 3282 negarunt
839 3203 966 3267 omnino
989 3201 1057 3268 fieri
1072 3203 1212 3284 potuisse
1232 3208 1270 3268 ut
1285 3203 1371 3268 Len·

253 3312 338 3376 tulus
359 3311 419 3374 hoo
440 3305 642 3388 temporead
665 3305 847 3370 Ciceronem
873 3304 996 3369 litteras
1022 3305 1172 3385 mitteret,
1200 3305 1254 3370 alii
1280 3305 1370 3370 velut

254 3413 434 3478 Tunstailus
457 3415 489 3475 et
511 3405 726 3492 Schuetzius⁴)
760 3425 840 3488 quae
866 3407 918 3471 hic
946 3407 1056 3472 Cicero
1088 3407 1257 3473 Lentulum
1290 3407 1374 3472 scri-

257 3517 457 3529 —-.-.-.-.-.

255 3617 308 3671 XII
326 3550 384 3670 4111
407 3545 453 3601 Cir
479 3547 563 3601 etiam
590 3558 660 3613 quae
679 3543 776 3597 Cicero
800 3542 834 3598 de
861 3547 958 3598 senatu
979 3542 1014 3596 ad
1037 3543 1163 3596 Cassium
1181 3542 1280 3597 scribit
1302 3541 1369 3597 fam.

355 3703 379 3770 ²)
405 3701 496 3768 Quare
514 3713 583 3768 quae
601 3712 619 3752 1
635 3697 748 3766 Meyero
766 3698 838 3752 11111
857 3699 1002 3768 epistolam
1021 3711 1082 3752 cum
1100 3711 1142 3765 ep.
1161 3695 1277 3750 1111111.
1295 3696 1372 3752 1112

256 3792 431 3857 comparante
453 3791 591 3854 tamquam
613 3783 803 3839 additamenta
821 3783 930 3838 falsarii
952 3785 1049 3853 inepta
1075 3787 1103 3838 et
1124 3781 1228 3837 ficticia
1257 3783 1373 3850 vitupe-

253 3878 358 3936 rantur,
376 3884 410 3926 11
425 3872 487 3939 ipsa
503 3870 575 3924 11111
593 3870 739 3939 epistolam
757 3869 875 3924 maxime
894 3868 977 3924 fidem
994 3869 1087 3923 facero
1104 3866 1235 3922 ridentur
1252 3866 1286 3920 ab
1303 3868 1371 3936 ipso

255 3957 390 4014 Cicerone
407 3970 469 4010 1111
487 3955 625 4024 scriptam.

354 4043 378 4177 l
404 4040 616 4178 111111
