3048 4850
284 233 328 300 64

241 419 344 485 minure
367 419 530 486 oonsulere
551 419 701 501 potuerit
740 419 921 498 Quoeoum
942 419 988 510 ito
1009 421 1085 498 sint
1104 425 1170 486 tam
1187 425 1261 490 ‚orto
1281 421 1369 488 haee

242 520 352 587 omnin·
368 521 450 588 inter
472 537 506 586 se
529 518 698 586 cohaerent
725 527 758 586 et
784 526 851 586 tem
876 526 955 603 epte
978 522 1102 603 singula
1128 539 1162 589 ee
1188 523 1366 606 ouoipiunt¹

240 628 279 688 ut
299 622 418 690 nemini
438 623 505 688 iam
523 621 655 689 dubium
676 638 745 688 eene
766 623 874 704 ponent,
898 623 973 704 qum
990 625 1123 705 epistola
1138 624 1195 690 illa
1214 643 1234 690 a
1254 625 1366 706 priore

241 730 334 806 porte
354 742 479 804 manna,
498 743 579 805 qune
600 719 703 790 odhuo
724 725 817 805 vulgo
840 725 936 792 tortio
960 726 1119 807 inscripta·
1139 731 1199 806 ont*
1224 745 1258 792 ro
1283 745 1366 797 vern

242 843 317 909 pers
338 827 431 892 huius
452 826 604 909 epistolae
625 831 785 907 postrema
805 827 847 892 sit
868 827 1024 902 habendo.
1056 829 1168 909 Neque
1182 845 1258 894 vero
1275 829 1361 910 quie-

241 945 335 1010 quom
356 929 420 994 iem
441 934 537 1011 neget
558 930 776 994 Hermonnum
800 930 836 994 in
855 930 903 1009 iis,
938 947 1018 1012 mnan
1039 930 1078 996 do
1100 930 1176 996 telio
1199 930 1367 1012 mohetypi·

241 1032 352 1099 horum
374 1033 578 1116 epistolnnum
600 1033 793 1114 troneposito
816 1032 997 1114 disputavit,
1018 1032 1194 1098 rectissime
1216 1033 1361 1114 emeret).

343 1135 388 1200 Ut
420 1153 503 1200 nuno
536 1140 609 1200 sunt
645 1135 705 1200 nae
738 1135 904 1217 epistolae,
944 1151 997 1202 eae
1034 1135 1108 1206 dicu
1146 1147 1227 1216 quoe
1263 1135 1363 1216 vulgo

241 1238 380 1308 secunda
401 1238 498 1304 tortio
517 1241 630 1322 quarta
652 1237 873 1318 quinionem
894 1237 1063 1318 inscriptae
1085 1242 1167 1316 sunt,
1194 1237 1363 1306 mutilatae

241 1340 445 1422 singulaeque
476 1339 722 1421 uniuscuiusque
758 1344 864 1423 portes
897 1340 1166 1421 perturbarentur
1199 1339 1361 1419 ueneno,

239 1444 388 1513 nimirum
409 1461 471 1508 non
493 1442 625 1506 inmite
645 1446 778 1523 possunt
799 1442 933 1520 restitui,
961 1448 999 1508 ut
1025 1461 1091 1508 non
1112 1441 1231 1523 aliquid
1252 1447 1361 1510 tumen

240 1544 445 1610 desideretur.
481 1544 525 1606 Ae
546 1543 681 1624 primum
704 1543 834 1626 quidem
852 1543 940 1611 deest
962 1549 1102 1610 extremo
1117 1561 1190 1628 pars
1206 1544 1362 1626 epistolae

240 1647 407 1714 secundae.
452 1647 610 1725 Quantum
644 1651 750 1710 nutem
782 1646 815 1710 in
841 1646 896 1710 illa
928 1651 1019 1727 parte
1051 1645 1147 1712 fuerit
1178 1646 1359 1728 verborum,

240 1749 367 1814 difficile
405 1753 455 1813 est
493 1747 681 1827 diiudicare
725 1765 826 1828 neque
863 1749 950 1814 onim
985 1748 1027 1812 ed
1064 1748 1156 1812 Bruti
1193 1749 1358 1830 epistolem

239 1852 393 1933 rosoripto
414 1857 471 1930 eet,
495 1867 596 1931 neque
618 1851 683 1914 ulle
704 1850 797 1918 notis
818 1856 923 1916 exstat
937 1850 1004 1917 eine
1022 1851 1165 1932 epistole,
1188 1867 1270 1930 queo
1282 1850 1353 1916 huic

239 1955 395 2036 rescripte
422 1953 474 2018 sit.
529 1952 608 2019 Gum
629 1971 703 2023 vero
731 1969 795 2018 non
817 1953 860 2018 sit
880 1952 1097 2032 dubiorum,
1130 1953 1209 2033 quin
1229 1952 1352 2019 eaodem

240 2058 401 2138 epistolae,
425 2074 507 2139 quae
527 2056 621 2122 hodie
643 2056 724 2122 hanc
740 2056 913 2123 secundem
922 2055 1172 2136 subsequuntur,
1197 2055 1239 2118 ab
1267 2054 1355 2120 initio

239 2161 380 2242 proxime
391 2160 421 2224 ei
432 2158 560 2223 edditee
571 2159 643 2238 sint,
663 2193 701 2204 -
718 2159 752 2222 id
765 2159 850 2241 quod
860 2177 934 2224 mox
950 2158 1090 2238 probare·
1104 2157 1286 2223 conabimur
1301 2189 1360 2233 -,

239 2267 364 2344 praeter
386 2262 467 2326 hene
488 2261 589 2341 ipsam
606 2261 758 2341 epistolae
774 2261 931 2324 secundae
948 2264 1071 2340 partem
1090 2263 1264 2325 extremum
1280 2257 1361 2322 nihil

239 2381 278 2428 eo
320 2365 390 2428 loco
435 2362 584 2428 amissum
627 2379 696 2426 esse
737 2359 882 2434 eifioitur.
937 2362 1038 2438 thm
1081 2361 1222 2442 potuisse
1253 2363 1363 2426 totum

238 2464 348 2530 folium
377 2482 463 2528 nunc
491 2463 639 2528 amissum
673 2462 829 2544 explere'i)
863 2442 914 2530 v'iu
946 2480 1075 2544 prorsus
1107 2463 1216 2542 negari
1241 2466 1366 2544 potest,-

239 2583 340 2646 neqne
362 2571 468 2630 tumen
490 2564 616 2632 videtur
638 2565 827 2632 credendum
847 2565 933 2630 illam
951 2564 1122 2645 epistolum
1132 2570 1252 2630 ceteras
1270 2563 1361 2630 Cieo-

239 2668 325 2734 roniu
348 2668 498 2751 epistolas
521 2667 561 2732 ad
583 2668 717 2734 Brutum
739 2668 830 2732 dates
851 2703 895 2715 —-=
914 2685 978 2736 uno
1000 2684 1048 2747 ep.
1064 2666 1081 2731 I
1098 2667 1138 2732 15
1160 2672 1294 2750 omento
1315 2703 1359 2714 -

238 2769 436 2850 longitudine
457 2787 631 2851 superasse,
653 2769 840 2851 praesertim.
861 2787 931 2836 oum
954 2768 1063 2836 Cicero
1086 2769 1196 2836 eodem
1217 2768 1269 2834 die
1291 2769 1360 2850 epi-

239 2873 353 2938 stolam
375 2873 417 2940 nol
438 2873 590 2938 Plancum
618 2872 673 2954 (ud
693 2871 768 2939 fam.
795 2871 825 2936 X
848 2872 900 2953 12)
929 2867 1106 2938 exorauerit
1130 2889 1233 2952 neque
1258 2872 1291 2935 in
1318 2891 1361 2938 ea

240 2993 334 3056 quom
355 2975 499 3057 proximo
521 2975 572 3040 die
594 2976 634 3039 ad
655 2976 789 3041 Brutum
811 2974 899 3039 ledit
921 2974 967 3054 (II
988 2975 1039 3055 4)‚‚
1061 2992 1132 3038 oum
1153 2973 1234 3040 hune
1255 2975 1361 3057 ipsum

240 3084 476 3156 commemoret,
508 3078 675 3159 quicquam
708 3079 748 3142 do
773 3077 866 3142 huius
898 3076 1044 3144 ubertate
1078 3075 1171 3142 dieat.
1226 3077 1361 3142 Aeoedit

240 3181 326 3261 quod
346 3180 574 3262 transpositum
602 3180 661 3244 hoe
688 3179 800 3244 folium
835 3179 921 3260 (inde
948 3197 967 3242 a
992 3177 1096 3245 verbis
1120 3178 1192 3260 „sed
1213 3195 1275 3258 ouo
1297 3195 1368 3243 nos¹

240 3283 381 3348 amisisse
404 3329 410 3342 .
436 3331 444 3347 .
469 3331 476 3348 .
500 3281 524 3342 .“
552 3299 652 3363 neque
680 3282 721 3345 ad
747 3269 844 3346 verna
872 3281 948 3363 „hoc
974 3280 1073 3360 magis
1100 3279 1192 3344 doleo
1215 3278 1364 3360 Asiam)

240 3403 310 3452 oum
338 3403 375 3450 eo
403 3389 619 3465 comparatum
647 3401 709 3464 uuo
742 3383 843 3466 prime
869 3383 1002 3464 epistola
1029 3387 1061 3446 et
1088 3381 1243 3462 seeundo,
1280 3398 1360 3462 quo-

239 3493 333 3552 tenne
363 3491 549 3552 conservato
575 3490 632 3564 est,
667 3485 880 3566 continentur.
899 3485 1032 3559 ,etiamsi
1058 3484 1170 3551 titulus
1191 3483 1253 3548 toti
1273 3482 1358 3548 libro

239 3590 452 3672 praescriptus
475 3589 650 3667 omittatur,
672 3589 768 3671 poulo
789 3588 954 3670 pauciores
976 3588 1061 3670 eupit
1081 3604 1201 3652 versun.
1254 3587 1360 3665 Quem

240 3692 280 3757 ob
304 3710 371 3756 rem
392 3690 552 3774 praeclare
568 3690 646 3754 mihi
656 3691 863 3770 Hermannus‚
886 3691 980 3755 homo
997 3689 1223 3770 sagacissimus,
1241 3689 1280 3752 de
1296 3688 1359 3752 heo

239 3813 275 3860 re
296 3794 466 3859 coniecisse
486 3794 621 3872 videtur,
649 3794 703 3874 qui
723 3793 835 3858 lolium
856 3793 1081 3875 transpositum
1102 3809 1122 3854 a
1142 3791 1244 3872 prima
1264 3797 1358 3873 parte

241 3897 402 3978 (suprema
424 3896 581 3977 margine)
612 3895 762 3963 vitiosum
788 3895 885 3960 fuisse
906 3900 1013 3976 ponat,
1046 3894 1092 3956 ita
1113 3897 1150 3956 ut
1170 3893 1283 3974 singuli
1304 3894 1358 3958 vel

343 4032 364 4099 ¹)
391 4031 448 4085 Zur
464 4030 573 4084 Reohtf.
591 4030 617 4084 11
635 4048 661 4099 p.
678 4029 712 4083 ol
731 4045 789 4098 sqq.

340 4117 365 4186 ²)
391 4116 423 4170 ld
441 4117 641 4186 Wesenbergio
659 4117 759 4186 planet,
784 4114 826 4169 cfr
844 4115 905 4169 eius
923 4113 965 4168 ed.
983 4129 1009 4182 p.
1028 4112 1077 4167 647
1096 4112 1158 4166 adn.
