3082 4856
1238 271 1276 334 11

298 501 478 581 Antequam
494 501 536 564 ad
553 501 694 582 singulas
710 501 861 584 epistolas
878 502 1080 584 explicandas
1092 505 1322 584 aggrediamur,

187 623 291 688 pauca
323 603 363 667 de
395 603 435 668 iis
468 620 547 683 quas
579 608 612 667 et
644 603 755 668 Cicero
789 609 821 668 et
854 603 974 668 Brutus
1010 605 1154 686 proximo
1179 611 1323 687 tempore

189 705 344 770 antehae
366 704 517 786 epistolas
538 707 666 769 mutuas
695 705 850 784 dederint,
879 723 962 785 quae
984 705 1112 786 quidem
1134 706 1226 771 nobis
1249 725 1323 771 con-

188 811 333 872 servatae
360 806 434 884 sint,
462 806 625 886 disputare
652 823 672 869 a
693 824 728 870 re
754 797 919 888 proposita
940 826 1005 872 non
1027 807 1222 873 abhorrebit.
1266 808 1323 874 At-

188 927 249 991 que
270 913 307 972 ut
328 907 502 972 remotiora
531 908 724 986 omittamus,
753 908 829 988 quid
855 908 1026 973 inhaere
1048 911 1088 975 de
1110 910 1219 992 primis
1241 911 1323 976 eius-

190 1012 263 1075 dem
285 1009 362 1074 anni
384 1013 527 1073 statuere
547 1008 644 1073 liceat
664 1009 836 1089 mensibus„
859 1010 1034 1076 videamus.

290 1111 335 1174 M.
356 1111 475 1174 Brutus
491 1111 565 1175 circ.
580 1111 653 1175 Kal.
670 1111 740 1175 Oct.
755 1111 780 1193 ¹)
797 1129 868 1176 cum
884 1113 983 1178 classe
999 1131 1037 1177 ex
1051 1113 1148 1178 Italia
1161 1113 1322 1194 profectus

186 1214 323 1294 primum
344 1212 488 1277 Athenas
516 1230 551 1276 se
579 1213 724 1292 contulit,
752 1212 808 1275 ubi
836 1218 868 1277 et
896 1213 940 1278 M.
964 1213 1075 1278 Cicero
1103 1212 1186 1279 filius
1214 1217 1323 1280 etalii

187 1315 405 1380 adulescentes
438 1315 576 1378 Romani
609 1315 638 1378 ei
670 1332 705 1378 se
743 1314 966 1379 adiunxerunt.
1011 1315 1092 1380 Tum
1124 1316 1321 1382 Thessaliam

186 1421 354 1496 pervectus
377 1434 449 1479 cum
470 1421 638 1480 veteranos
660 1415 872 1496 Pompeianos
894 1416 949 1496 qui
969 1421 1043 1497 post
1062 1435 1201 1499 pugnam
1221 1418 1321 1483 Phar-

189 1518 321 1582 salicam
347 1518 381 1581 in
408 1517 471 1580 illis
498 1516 682 1596 regionibus
710 1517 920 1581 consederant
946 1517 1008 1581 sibi
1034 1519 1206 1598 ascivisset,
1236 1538 1256 1583 a
1283 1521 1320 1600 Q.

187 1619 357 1684 Hortensio
380 1619 603 1683 Macedoniam
622 1621 692 1682 tum
714 1617 878 1683 obtinente
906 1623 1069 1700 tamquam
1092 1638 1255 1685 successor
1275 1623 1321 1687 le·

188 1721 313 1801 gitimus
340 1725 488 1802 receptus
516 1724 611 1801 atque
639 1719 786 1783 omnibus
812 1720 878 1784 fere
911 1721 1010 1802 copiis
1043 1740 1124 1803 quae
1150 1723 1214 1786 illis
1241 1724 1320 1788 locis

187 1828 278 1887 erant
299 1827 412 1887 auctus
430 1827 488 1899 est,
504 1826 663 1886 otmense
683 1822 853 1886 Decembri
873 1827 1009 1887 exeunte
1029 1828 1131 1889 totam
1152 1823 1320 1890 Graeciam

186 1925 406 1990 Macedoniam
433 1925 596 2005 Illyricum
623 1924 656 1987 in
683 1941 741 1987 sua
767 1924 831 1988 iam
858 1926 999 1990 tenuisse
1025 1930 1187 2006 potestate
1213 1927 1320 1991 videa-

185 2032 239 2091 tur
250 2027 289 2108 ⁸²).
334 2028 439 2105 Quare
472 2026 508 2091 O.
541 2026 700 2091 Antonius
732 2043 805 2088 cum
836 2026 1004 2090 sortitione
1030 2028 1265 2108 provinciarum
1290 2046 1318 2092 a.

186 2129 219 2192 d.
240 2128 287 2193 IV
310 2128 382 2193 Kal.
403 2129 480 2192 Dec.
503 2129 559 2211 (28
582 2147 623 2191 m.
646 2126 742 2207 Nou.)
772 2125 858 2190 facta
885 2125 918 2188 in
946 2126 1167 2191 Macedoniam
1190 2132 1319 2191 eonten-

186 2229 288 2294 disset
299 2227 336 2312 ³),
359 2231 497 2294 maxima
518 2235 610 2310 parte
633 2227 797 2311 copiarum
820 2246 839 2292 a
860 2228 962 2292 Bruto
984 2229 1127 2310 privatus
1149 2234 1199 2294 est
1213 2234 1246 2294 et
1260 2247 1319 2293 un-

183 2332 280 2412 dique
302 2331 451 2395 inclusus.

287 2433 357 2498 Iam
379 2435 419 2498 de
442 2433 584 2515 epistolis
605 2437 679 2515 post
706 2432 767 2496 hoc
794 2436 919 2513 tempus
941 2450 961 2496 a
989 2431 1142 2497 Cicerone
1164 2438 1196 2497 et
1216 2434 1318 2499 Bruto

183 2535 270 2600 datis
292 2536 465 2616 quaeritur.
509 2535 556 2599 Ac
577 2535 713 2599 Brutum
736 2535 872 2616 quidem,
901 2553 973 2599 cum
995 2535 1100 2614 sciret,
1124 2554 1219 2616 quam
1239 2535 1319 2601 infe-

185 2643 236 2702 sto
257 2638 291 2700 in
312 2656 347 2702 se
368 2638 474 2702 animo
497 2641 628 2719 propter
649 2636 725 2700 Idus
747 2636 819 2701 illas
841 2636 975 2701 Martias
998 2636 1143 2701 Caesaris
1163 2638 1256 2702 amici
1271 2657 1319 2704 es·

183 2745 263 2819 sent,
286 2740 383 2805 rebus
405 2741 570 2804 etiamtum
591 2738 718 2803 infectis
746 2738 826 2802 nihil
855 2739 895 2802 de
916 2756 951 2802 se
971 2740 1108 2803 Romam
1129 2739 1243 2804 referri
1264 2759 1319 2805 vo-

183 2842 279 2907 luisse
302 2860 340 2906 eo
362 2841 559 2922 probabilius
581 2845 639 2920 est,
663 2841 758 2921 quod,
781 2858 822 2904 ne
836 2840 934 2904 animi
950 2857 1060 2905 eorum
1075 2841 1318 2922 offenderentur,

184 2948 304 3026 quanta
341 2943 439 3007 etiam
476 2948 590 3024 postea
628 2943 747 3008 caverit
779 2960 865 3021 cura,
903 2941 1020 3005 scimus
1031 2940 1068 3022 ⁴).
1117 2942 1219 3007 Immo
1251 2948 1320 3007 tum

185 3045 312 3110 demum
333 3046 468 3109 Romam
495 3045 620 3109 litteras
648 3045 745 3123 misit,
774 3061 845 3109 oum
874 3048 907 3106 et
933 3041 995 3106 sibi
1020 3043 1215 3124 praesidium
1242 3045 1320 3108 satis

185 3145 310 3211 firmum
343 3146 520 3229 paravisset
554 3151 586 3210 et
619 3145 653 3209 id
685 3145 878 3228 praesidium
910 3149 1043 3226 propter
1077 3143 1206 3223 bellum,
1234 3147 1321 3225 quod

183 3249 312 3314 interim
334 3249 368 3312 in
390 3249 433 3313 M.
455 3248 630 3313 Antonium
652 3249 692 3313 D.
714 3249 835 3312 Brutus
856 3252 1049 3329 susceperat,
1065 3247 1107 3310 ad
1122 3264 1320 3311 communem

184 3351 322 3415 salutem
343 3351 422 3414 utile
444 3350 513 3414 fore
535 3351 743 3430 intellegeret.
788 3350 894 3429 Quare
916 3367 988 3413 cum
1016 3366 1073 3430 per
1095 3366 1129 3414 se
1150 3349 1321 3414 verisimile

159 3451 228 3517 'sit
255 3470 363 3517 mense
391 3452 541 3516 Ianuario
564 3453 668 3518 nullas
690 3453 826 3517 Brutum
848 3452 999 3532 epistolas
1021 3451 1166 3517 Ciceroni
1187 3453 1319 3534 misisse,

292 3731 315 3798 ¹)
334 3729 383 3784 Cir
400 3744 443 3800 ep.
462 3729 498 3783 ed
515 3728 579 3782 fam.
602 3728 656 3781 XII
673 3728 699 3792 3,
725 3741 807 3795 quam
828 3726 903 3780 inter
924 3724 963 3778 Vl
981 3723 1051 3778 Non.
1075 3729 1104 3777 et
1126 3723 1178 3776 VII
1196 3722 1236 3776 Id.
1260 3722 1320 3777 Oct.

185 3815 271 3883 (2-9
289 3833 324 3870 m.
347 3815 419 3882 Oct.)
444 3815 536 3869 datam
559 3828 620 3868 esso
643 3817 674 3868 ot
697 3810 840 3866 Gruberus
863 3815 891 3864 et
912 3807 1083 3864 Schmidtius
1105 3812 1269 3875 statuerunt,
1291 3813 1320 3866 et

185 3899 260 3955 ΡΜ
278 3902 490 4055 {foramina
510 3984 610 4040 Geseh.
629 3983 715 4037 Roms
734 3981 783 4034 Th.
802 3980 841 4035 IV
859 3995 886 4048 p.
904 3978 939 4033 30
956 3993 1015 4047 sqq.

292 4072 317 4141 ³)
336 4069 383 4126 Ofr
400 4071 472 4126 Phil.
490 4070 532 4123 111
549 4068 652 4124 20-26
671 4072 700 4122 et
715 4067 741 4120 X
763 4065 795 4119 11
813 4080 871 4133 sqq.
953 4094 955 4098 ·

293 4155 318 4226 ⁴)
337 4155 385 4210 Gir
402 4156 486 4210 huius
503 4154 569 4210 libri
589 4169 651 4225 epp.
669 4154 694 4222 3,
712 4153 730 4210 3
748 4157 778 4208 et
793 4151 818 4219 4,
836 4152 860 4205 5.
