3048 4850
1164 241 1203 304 91

137 455 171 469 -
189 427 290 480 &auno
311 427 374 493 quid
395 428 483 492 opiter
503 424 598 494 vulgo:
615 445 640 479 a.
659 445 680 494 q.
699 437 794 493 apator
812 428 884 483 Orat.
904 455 933 466 -·
953 427 977 482 6.
996 428 1068 480 XVI
1082 427 1141 480 Kal.
1163 429 1249 480 Maias

136 527 199 566 uos:
217 513 290 564 XIII
303 513 335 561 K.
356 513 390 564 Μ.
409 511 497 578 vulgo.
551 519 552 524 ’

239 752 307 829 Quo
342 750 458 814 rectius
491 751 530 813 de
562 751 621 816 hac
643 756 712 815 tota
733 752 867 832 epistola
887 751 1069 829 iudicemus,
1092 751 1251 832 paulisper

137 855 178 918 ad
210 854 366 918 rationem
397 853 537 933 priorum
560 854 771 935 respiciamus.
815 855 920 933 Atque
941 854 1044 934 prima
1064 852 1157 916 huius
1178 853 1252 916 libri

138 957 280 1038 epistola,
304 973 396 1036 quam
419 954 601 1019 Ciceronem
622 962 694 1036 post
716 957 839 1036 longius
851 955 1009 1036 quoddam
1019 956 1170 1036 temporis
1180 973 1251 1036 spa-

136 1059 216 1122 tium
249 1058 289 1121 ad
321 1057 454 1121 Brutum
482 1057 614 1139 primam
636 1058 758 1122 misisse
778 1075 963 1139 persuasum
984 1057 1160 1135 habuimus,
1183 1062 1252 1121 tota

136 1160 202 1224 iere
235 1161 267 1223 in
301 1159 484 1223 condicione
516 1165 548 1223 et
581 1163 667 1222 statu
698 1161 863 1224 universae
895 1160 942 1224 rei
973 1159 1118 1241 publicae
1147 1159 1198 1221 vel
1219 1159 1252 1221 iu

139 1279 277 1344 ,summa
310 1281 344 1325 re
376 1261 526 1343 publica“,
562 1278 641 1341 quae
673 1266 749 1326 tunc
780 1262 931 1344 temporis
962 1267 1039 1339 erat,
1068 1261 1253 1342 explicanda

137 1369 291 1428 versatur.
344 1365 486 1428 Alteram
522 1381 622 1444 paene
654 1381 761 1429 mense
797 1369 878 1445 post,
918 1365 1012 1430 nullis
1044 1365 1169 1429 interim
1202 1363 1252 1427 lit-

138 1467 216 1531 teris
238 1485 257 1529 a
279 1466 379 1530 Bruto
397 1467 544 1549 acceptis,
567 1467 701 1549 scripsit,
723 1468 756 1531 in
779 1486 850 1548 qua,
875 1468 979 1548 quoad
1001 1468 1189 1532 etiamnunc
1201 1485 1253 1530 ex·

139 1574 212 1647 stat,
247 1569 286 1632 de
318 1569 448 1649 siugulis
479 1569 666 1650 quibusdam
688 1569 752 1651 agit
773 1570 877 1648 rebus,
901 1570 941 1637 de
963 1569 1076 1650 quibus
1098 1586 1186 1632 suam
1208 1568 1253 1631 illi

142 1672 332 1736 sententiam
365 1673 522 1752 cognitam
549 1672 658 1737 voluit.
702 1674 750 1737 Ba
771 1691 845 1737 vero
869 1673 1002 1754 epistola
1023 1672 1161 1736 nondum
1184 1689 1254 1754 pcr-

139 1774 205 1838 lata
236 1780 303 1837 tum
338 1774 462 1838 demum
494 1774 627 1854 primam
649 1776 740 1839 Bruti
761 1775 883 1855 accepit
904 1774 1069 1856 epistolam
1090 1775 1254 1856 permultis

141 1876 180 1939 de
212 1875 306 1939 rebus
336 1876 465 1940 consilia
486 1894 543 1940 sua
565 1877 782 1940 desiderantis.
826 1877 884 1940 Cui
907 1895 977 1942 cum
999 1878 1165 1957 quominus
1186 1878 1255 1958 plu-

139 1977 227 2042 ribus
249 1979 453 2060 responderet
474 1979 625 2060 temporis
647 1979 797 2059 augustiis
819 1983 895 2042 tunc
916 1980 1018 2060 ipsum
1039 1979 1254 2062 impediretur,

140 2081 250 2161 paucis
272 2084 395 2144 tantum
417 2081 540 2160 singula
561 2080 774 2162 perstringens
795 2081 965 2161 rescripsit.
1008 2081 1096 2158 Quae
1118 2097 1188 2144 cum
1209 2080 1255 2144 ita

140 2183 213 2260 sint,
236 2199 312 2245 sane
334 2200 397 2246 non
418 2182 596 2246 mirandum
618 2188 665 2247 est
687 2201 758 2247 eum
772 2182 843 2265 plus
859 2183 915 2247 otii
929 2189 1066 2261 nactum,
1082 2201 1154 2246 cum
1165 2201 1256 2264 prae·

140 2286 249 2349 sertim
271 2285 456 2365 gravissima
478 2284 519 2348 ad
539 2286 674 2350 Brutum
696 2285 852 2350 scribendi
874 2303 969 2350 causa
984 2285 1175 2363 accessisset,
1193 2285 1256 2367 pri-

140 2406 223 2452 mam
246 2388 441 2453 occasionem
462 2387 625 2452 uberiores
648 2389 769 2454 litteras
791 2389 938 2453 mittendi
959 2389 1118 2468 totiusque
1139 2387 1185 2450 rei
1199 2406 1257 2467 pu·

140 2491 242 2554 blioae
266 2490 521 2572 complectendae
543 2490 677 2555 libenter
698 2491 877 2573 arripuisse.

185 2637 189 2646 -
243 2593 319 2657 Dies
352 2593 477 2674 quidem
510 2593 583 2657 huie
618 2612 744 2680 quoque
763 2593 915 2674 epistolae
937 2593 1099 2676 appositus
1122 2600 1178 2671 cst,
1202 2593 1257 2658 scd

142 2697 291 2760 mendose
323 2693 474 2773 traditus3
503 2695 596 2778 „XVI
623 2695 757 2760 Kalend.
785 2696 901 2758 Maias“
928 2713 986 2776 pro
1014 2695 1110 2777 ,XIII
1136 2695 1175 2760 Κ.
1197 2693 1255 2758 Mc

141 2798 372 2863 restituendum
397 2815 465 2862 esse
487 2797 679 2862 Schmidtius
704 2796 850 2879 probavit
865 2798 897 2877 ¹).

244 2900 262 2982 ἕ
285 2903 312 2965 1.
357 2900 470 2964 Primis
492 2900 556 2963 iam
583 2899 687 2963 verbis
715 2898 823 2963 Cicero
846 2900 923 2964 satis
945 2903 1053 2980 aperte
1074 2917 1141 2962 rem
1164 2900 1258 2963 attin-

143 3005 198 3084 git,
221 3022 283 3084 qua
305 3009 466 3084 tamquam
488 3021 610 3068 summa
631 3003 730 3067 totius
751 3002 903 3083 epistolae
925 3002 1112 3066 continetur.
1145 3000 1188 3064 iis
1204 3019 1259 3066 au·

143 3111 207 3171 tem
241 3123 320 3188 quae
353 3111 540 3188 sequuntm:
571 3106 641 3188 ,sed
662 3105 741 3168 nihil
761 3121 890 3168 necesse
912 3110 980 3169 erat
1002 3103 1112 3167 eadem
1135 3121 1258 3167 omnes:

143 3209 222 3274 illud
254 3227 381 3274 necesse
408 3225 463 3272 me
490 3209 529 3274 ad
557 3213 590 3272 te
612 3207 764 3272 scribere“
787 3212 847 3271 cet.
869 3224 926 3270 suo
948 3205 1074 3286 morel)
1096 3205 1157 3269 hoc
1178 3204 1259 3268 indi-

144 3317 196 3376 cat
217 3311 396 3375 existimare
417 3327 461 3390 se,
484 3328 564 3391 quae
586 3325 711 3392 quoque
732 3317 873 3391 ternpore
895 3315 966 3373 acta
988 3308 1060 3386 sint,
1083 3325 1148 3372 non
1169 3325 1260 3370 suum

145 3431 213 3479 esse
234 3415 327 3494 plane
349 3419 382 3478 et
403 3413 586 3495 simpliciter
608 3431 764 3491 enarrare,
787 3413 843 3476 sed
865 3412 990 3477 omnino
1013 3429 1117 3476 rerum
1140 3416 1260 3492 tempo-

144 3535 275 3598 rumque
308 3516 522 3582 condicionem
555 3517 721 3597 complecti
753 3519 847 3596 atque
875 3533 997 3580 summa
1019 3514 1058 3579 de
1078 3532 1114 3578 re
1135 3514 1261 3597 publica

250 3708 273 3774 ¹)
292 3704 310 3759 l.
329 3723 352 3762 c.
371 3723 397 3775 p.
415 3705 449 3760 39
469 3720 508 3772 sq.
526 3706 567 3760 Ac
584 3709 677 3774 potest
695 3703 829 3768 odiosos,
848 3717 915 3772 quos
934 3701 1031 3758 eadem
1047 3703 1155 3758 ratione
1169 3719 1261 3758 emen-

148 3789 254 3847 dandos
272 3792 452 3857 enumeravit,
474 3789 539 3845 addi
561 3807 604 3864 ep.v
629 3789 665 3842 ad
686 3788 749 3844 lam.
771 3788 797 3842 X
818 3788 859 3850 15,
881 3789 906 3855 3,
928 3788 976 3844 ubi
993 3805 1043 3860 pro
1061 3804 1098 3842 aa.
1117 3788 1143 3842 d.
1161 3788 1203 3842 111
1220 3787 1261 3842 Id.

147 3875 251 3929 Maias»
270 3882 319 3929 aut
336 3893 373 3930 ra.
393 3876 419 3930 d.
437 3877 505 3930 vn»
523 3881 571 3930 ant
588 3892 626 3929 aa.
645 3874 670 3928 d.
688 3875 754 3928 VIII
772 3875 793 3927 1.
811 3874 863 3927 Μ.»
881 3875 1057 3929 scribendum
1075 3889 1136 3928 esse
1154 3873 1262 3927 Nakius

150 3960 349 4016 demonstrarit
366 3963 421 4028 (De
438 3963 534 4016 Planci
553 3967 582 4016 et
599 3961 742 4016 ciceronis
760 3958 896 4029 epistulis.
931 3961 1024 4029 Progr.
1043 3976 1068 4029 p.
1088 3959 1122 4012 12
1139 3961 1200 4027 sq).

251 4049 275 4115 ²)
295 4046 343 4102 cfr
359 4048 510 4103 Hermann.
528 4049 585 4104 Zur
601 4045 710 4102 Rechts.
728 4047 756 4100 11
773 4063 799 4115 p.
818 4045 859 4098 22.
878 4045 951 4099 Addi
969 4049 1086 4114 possunt
1102 4045 1184 4113 plura
1201 4059 1262 4098 cxx.

149 4139 182 4186 ut
197 4135 252 4186 Att.
271 4133 309 4186 IV
326 4133 350 4188 3.
371 4132 394 4184 1.
431 4131 477 4186 Otr
494 4133 578 4188 etiam
597 4148 667 4201 quae
684 4133 720 4188 ad
738 4133 752 4186 Ι
769 4132 793 4197 1,
810 4132 828 4186 ll
846 4130 1046 4200 disputavimus
1063 4131 1102 4199 (p.
1119 4130 1175 4198 29).
