3048 4850
634 811 820 930 Epistola
853 811 883 906 ll
918 811 958 908 5.

646 1033 751 1106 ticam
775 1034 864 1106 trata
888 1034 950 1104 tal.

342 1213 374 1280 1.
416 1207 510 1296 Quae
537 1209 672 1309 litterae
698 1215 756 1282 tue
774 1211 909 1280 nomine
927 1210 1070 1280 recitate
1090 1209 1157 1278 sint
1174 1207 1226 1278 Id.
1241 1207 1354 1298 April.

239 1331 274 1400 in
301 1334 421 1402 senatu
448 1329 634 1418 eodemque
659 1335 813 1418 tempere
839 1328 991 1415 Antonii,
1010 1327 1113 1398 crede
1131 1327 1175 1397 ad
1208 1332 1242 1398 te
1271 1330 1355 1398 seri-

243 1451 352 1538 psisse
378 1453 467 1536 tuda,
483 1469 627 1537 quorum
656 1469 720 1538 ego
748 1449 873 1518 nemini
899 1448 1064 1538 cenced03
1094 1447 1154 1518 sed
1182 1446 1268 1517 nihil
1294 1467 1356 1517 ne-

241 1589 335 1640 cesse
368 1573 443 1638 erat
474 1567 591 1638 eadem
620 1588 753 1637 omnes:
781 1566 866 1637 illud
893 1586 1031 1637 necesse
1058 1587 1112 1637 me
1139 1565 1182 1636 ad
1209 1571 1243 1635 te
1269 1568 1357 1636 scri-

239 1689 332 1774 bere,
361 1687 442 1776 quid
469 1669 630 1757 sentirem
657 1692 730 1757 teta
756 1687 798 1757 de
825 1687 1064 1758 constitutione
1092 1687 1194 1756 huius
1222 1685 1303 1756 belli
1321 1691 1357 1756 et

239 1829 306 1896 quc
346 1806 470 1876 iudicio
510 1825 620 1876 essem
649 1805 797 1900 [quaque
825 1805 1018 1900 sententia}
1072 1803 1240 1876 Voluntas
1267 1827 1350 1892 mea,

238 1925 358 2014 Brute,
392 1925 433 1996 de
467 1946 597 1996 summa
628 1946 666 1996 re
697 1925 835 2016 publica
866 1946 1000 2015 semper
1033 1925 1150 1996 eadem
1176 1923 1242 1994 fuit
1265 1945 1348 2013 quae

239 2051 309 2137 tua,
350 2046 438 2116 ratio
471 2046 673 2134 quibusdam
699 2049 734 2116 in
761 2048 995 2118 rebus-non
1023 2047 1112 2116 enim
1142 2045 1354 2116 omnibus—

239 2165 340 2254 paule
367 2165 513 2236 fortasse
539 2165 784 2237 vehementior.
815 2165 887 2236 Scis
915 2166 997 2235 mihi
1024 2185 1159 2253 semper
1185 2164 1354 2253 placuisse

239 2307 306 2355 non
332 2303 414 2374 rege
441 2284 551 2376 selum
578 2283 637 2354 sed
663 2304 769 2373 regne
796 2285 936 2355 liberari
964 2304 1038 2354 rem
1063 2283 1245 2372 publicam.
1301 2282 1354 2352 Tu

238 2405 360 2488 lenius
387 2403 570 2473 immortali
596 2404 731 2473 omnino
759 2423 835 2474 cum
860 2408 920 2473 tua
946 2402 1057 2488 laude,
1086 2403 1146 2472 sed
1174 2403 1255 2492 quid
1281 2424 1354 2473 me-

238 2522 304 2592 lius
342 2521 457 2609 fuerit,
497 2542 620 2610 magne
661 2521 778 2591 dolore
818 2523 995 2610 sensimus,
1036 2542 1159 2612 magne
1200 2522 1354 2610 periculo

239 2641 413 2711 sentimus
465 2638 606 2712 Recenti
645 2639 704 2710 illc
744 2646 897 2730 tempore
938 2646 976 2710 tu
1011 2643 1123 2712 omnia
1150 2642 1193 2712 ad
1221 2662 1354 2730 pacem,

239 2780 325 2849 quae
352 2761 505 2830 eratione
532 2757 651 2831 confici
677 2781 744 2831 nen
772 2766 918 2850 peterat,
947 2762 1011 2850 ege
1039 2761 1152 2830 emnia
1179 2761 1221 2830 ad
1248 2761 1356 2830 liber-

238 2884 355 2969 tatem,
396 2901 482 2969 quae
522 2881 594 2950 sine
633 2901 717 2970 pace
757 2881 849 2951 nulla
884 2891 947 2968 est,
981 2900 1099 2969 pacem
1126 2882 1234 2969 ipsam
1262 2881 1356 2951 belle

239 3003 341 3088 atque
381 3001 485 3070 armis
528 2997 615 3069 effici
646 3021 748 3089 posse
775 3001 979 3070 arbitrabar.
1034 2999 1153 3070 Studia
1178 3021 1245 3070 non
1273 3001 1355 3070 dee-

237 3123 316 3189 rant
355 3140 450 3189 arma
489 3119 711 3207 poscentium,
753 3139 896 3207 querum
937 3121 1162 3208 repressimus
1188 3120 1354 3206 impetum

238 3238 462 3327 ardoremque
489 3239 719 3308 restinximus.
770 3241 803 3308 2.
843 3237 964 3327 Itaque
992 3259 1047 3309 res
1074 3240 1109 3308 in
1137 3260 1213 3308 eum
1239 3239 1353 3309 lecum

237 3362 388 3446 venerat,
421 3363 469 3446 nt,
503 3357 569 3427 nisi
601 3355 742 3427 Caesari
770 3354 955 3429 Octaviano
983 3358 1066 3428 dens
1094 3358 1231 3447 quidam
1257 3357 1352 3427 illam

236 3482 384 3547 mentem
418 3476 579 3564 dedisset,
607 3477 641 3545 in
667 3480 871 3565 potestatem
898 3477 1119 3566 perditissimi
1145 3477 1290 3547 hominis
1317 3482 1353 3546 et

236 3597 424 3684 turpissimi
462 3593 512 3665 M.
547 3596 686 3666 Antonii
712 3596 915 3666 veniendum
941 3594 1057 3681 fuerit,
1084 3617 1228 3685 quocum
1255 3597 1352 3666 vides

235 3715 302 3785 hcc
339 3720 493 3803 tempore
533 3715 607 3804 ipsc
648 3715 739 3803 qued
771 3715 815 3785 sit
842 3721 1071 3805 quantumque
1099 3721 1287 3786 certamen:
1316 3716 1352 3786 id

237 3833 390 3923 prolecto
430 3834 560 3904 nullum
592 3840 693 3921 esset,
722 3835 788 3904 nisi
815 3839 887 3904 tum
914 3840 1134 3906 conservatus
1162 3838 1253 3906 esset
1278 3833 1351 3903 An-

236 3956 359 4025 tonius.
414 3953 481 4024 Sed
513 3954 598 4025 haee
625 3954 761 4043 omitt0;
791 3975 846 4024 res
873 3955 963 4024 enim
991 3974 1012 4023 a
1037 3961 1072 4025 te
1098 3959 1197 4044 gesta
1222 3974 1350 4024 memo·

235 4073 354 4144 rabilis
380 4078 415 4145 et
440 4094 548 4162 paene
576 4073 731 4144 caelestis
758 4073 895 4162 repellit
921 4094 1037 4144 omnes
1051 4074 1349 4162 reprehensiones,
