3082 4856
1222 305 1272 373 53

194 503 303 585 coplas
315 503 647 587 dimittsmlpotuisse.
681 505 781 584 Quem
803 523 875 572 cum
895 509 991 591 paule
1013 513 1086 591 post
1106 507 1215 575 Nonas
1231 511 1316 576 Mar·

192 605 259 670 ties
286 607 425 688 cepisset
434 607 465 688 ¹),
498 613 566 672 om
595 608 725 674 demum
755 610 910 675 exercitui
941 610 1060 692 ehqnd
1093 611 1207 692 quetis
1234 613 1317 679 dare

191 707 225 773 ei
246 707 344 776 licuit.
398 709 543 791 Denique
565 727 636 775 cum
657 711 706 775 his
728 711 856 777 Lentuli
875 711 982 777 sertis
1008 714 1171 794 praeclare
1193 715 1316 798 conspi-

191 815 269 874 rent
290 827 361 893 epo.
384 811 425 875 ed
445 811 580 877 smum
601 813 669 892 14,
698 815 718 880 6
740 818 773 880 et
794 813 811 877 l
830 815 861 893 6,
892 812 961 896 iffi
995 831 1069 880 nam
1091 816 1218 896 Brutus,
1252 833 1315 900 quo

192 917 338 994 empore
357 913 416 978 has
437 914 536 979 dehet
556 915 689 997 litteras,
710 922 880 998 postquam
897 916 937 982 de
950 915 1086 982 uictoria
1097 919 1144 982 ¹od
1160 919 1317 987 Mutinam

191 1021 289 1098 parta
306 1017 473 1098 comperit,
491 1018 668 1084 exemitum
695 1019 729 1084 in
750 1015 981 1085 Ohersouesum
1014 1019 1129 1086 ducere
1157 1025 1317 1088 statuerat

191 1123 292 1199 atque
332 1117 514 1186 Ciceronem
547 1119 646 1192 filium
678 1122 799 1204 equites
832 1121 1001 1187 Ambracia
1033 1140 1090 1204 per
1122 1123 1317 1189 Thessaliam

192 1221 310 1286 ducere
330 1221 475 1302 iusserat,
498 1227 534 1288 ut
555 1223 617 1305 ipsi
636 1224 670 1287 in
686 1222 873 1289 Macedonia
889 1227 1081 1289 occurreret:
1104 1225 1189 1290 unde
1212 1226 1318 1308 colligi

190 1328 300 1406 potest
318 1324 454 1390 hiberno
473 1325 538 1404 illu
561 1325 594 1390 in
615 1326 729 1407 quihus
751 1327 906 1408 equitatui
922 1327 986 1391 duo
1000 1326 1068 1391 lere
1084 1343 1207 1392 menses
1231 1346 1315 1394 com-

190 1427 312 1492 morari
333 1427 431 1507 licuit,
455 1427 496 1492 ad
517 1427 719 1493 Ambraciam
740 1428 848 1493 luisse.
895 1427 963 1493 lam
994 1445 1070 1494 vero
1094 1445 1132 1492 ex
1163 1429 1201 1494 iis
1235 1447 1317 1511 quoe

188 1529 289 1594 modo
311 1529 538 1610 disputavimus
560 1530 621 1595 hoc
643 1530 779 1596 efficitur
799 1529 969 1595 Lentulum
995 1547 1061 1595 uon
1084 1536 1157 1596 onte
1178 1532 1317 1597 medium

189 1649 335 1698 mensem
356 1631 507 1698 ldmtium
525 1637 561 1698 et
581 1633 688 1715 potius
715 1636 789 1714 post
810 1631 874 1697 hoc
900 1636 1026 1715 tempus
1047 1633 1182 1698 Brutum
1199 1649 1318 1700 conve-

189 1735 289 1800 nisse.
317 1735 431 1816 Atque,
448 1735 510 1799 etsi
523 1735 566 1800 de
584 1735 781 1800 itinereems
797 1735 876 1799 nihil
893 1736 971 1800 certi
989 1735 1119 1800 allatum
1134 1741 1193 1817 est,
1209 1741 1318 1802 temen

190 1837 297 1920 Aprili
325 1836 455 1902 domum
488 1853 596 1902 mense
618 1855 693 1902 eum
721 1838 763 1902 ed
793 1835 926 1902 mutum
953 1838 1118 1903 misse
1147 1839 1318 1905 uerisimile

192 1938 288 2023 cst³).
341 1937 423 2004 (lum
445 1944 551 2005 autem
573 1955 700 2005 neeesse
720 1940 763 2004 sit
785 1939 919 2021 epistola
946 1939 1002 2004 ille
1022 1940 1150 2006 Lentuli
1182 1960 1212 2006 a.
1236 1941 1266 2005 d.
1287 1942 1318 2006 V

193 2043 243 2107 ld
265 2043 341 2123 Aps.
364 2041 494 2127 (duem.
508 2039 599 2124 Aps.)
621 2039 768 2106 Ciceroni
788 2039 913 2105 reddita
931 2040 974 2104 eb
996 2041 1051 2105 illo
1070 2057 1180 2106 mense
1201 2041 1317 2108 Martio

199 2145 273 2209 data
292 2143 378 2228 sits),
402 2161 441 2208 ex
460 2143 512 2208 his
534 2159 658 2225 quoqne
679 2142 763 2208 idem
786 2142 1036 2208 concludentium
1059 2148 1107 2208 est
1129 2159 1198 2208 eam
1219 2145 1316 2226 paulo

200 2253 279 2336 ante,
303 2265 397 2329 quam
419 2247 452 2310 in
475 2246 694 2312 Macedonium
721 2243 973 2327 proficisceretur
994 2244 1157 2325 Lentulus,
1176 2261 1218 2310 cx
1240 2247 1317 2311 lisia

195 2367 265 2414 esse
284 2349 424 2414 missam.

298 2452 347 2516 En
366 2451 406 2517 iis
425 2467 509 2534 eoae
536 2450 670 2516 anobis
694 2451 800 2516 edhuc
827 2449 989 2532 disputata
1017 2454 1095 2515 sunt
1125 2450 1159 2516 id
1191 2451 1317 2533 quidem

192 2557 308 2634 elucet,
332 2551 535 2637 duodicem
549 2571 578 2617 s,
598 2554 627 2617 d.
644 2554 673 2619 V
694 2553 742 2618 Id.
764 2555 841 2635 Apr.
860 2553 1025 2635 epistolem
1042 2553 1212 2618 clientulo
1228 2571 1317 2621 scos

195 2658 288 2741 perit,
310 2657 389 2722 nihil
411 2675 479 2723 esse
501 2656 585 2739 quod
606 2656 797 2736 dubitemus,
821 2689 861 2702 -
883 2655 917 2720 id
938 2655 1024 2736 quod
1050 2655 1083 2719 in
1104 2657 1162 2722 tali
1183 2675 1219 2722 re
1239 2658 1317 2722 salis

193 2766 244 2825 est
266 2760 507 2826 demonstrasse.
561 2759 608 2823 hc
639 2757 809 2823 Lentulsun
840 2775 881 2822 ne
911 2758 984 2839 otiis
1016 2757 1149 2823 miretur
1182 2760 1317 2841 primum
1392 2801 1395 2806 n

191 2861 293 2927 fnisse
322 2862 375 2943 uui
400 2861 524 2926 litteras
550 2860 591 2924 de
616 2858 727 2925 Oasslo
759 2859 909 2939 mitteret,
942 2860 1134 2925 monendum
1166 2866 1215 2926 ed
1246 2881 1317 2928 eum

193 2983 268 3029 cum
292 2983 329 3030 ex
350 2964 399 3045 iis,
423 2963 477 3046 qui
497 2961 616 3028 liheree
637 2963 684 3027 rei
698 2961 844 3044 sublicae
858 2960 1011 3041 faverent,
1032 2961 1190 3027 Trebonio
1209 2965 1317 3030 occiso

192 3067 373 3150 proximum
405 3065 517 3133 (tassio
549 3065 646 3131 luisse
678 3063 892 3146 fimtimoeque
920 3063 1101 3145 provinciae
1133 3064 1315 3147 maduisse,

190 3175 274 3249 tum,
291 3169 456 3252 sicutipse
478 3169 511 3234 iu
531 3169 669 3251 epistole
688 3167 744 3232 illa
765 3168 805 3232 de
818 3183 855 3232 se
874 3166 1038 3248 praedicat
1053 3181 1148 3248 quam
1163 3183 1205 3231 m.
1219 3167 1317 3234 lunio

191 3271 238 3336 ad
255 3269 438 3337 Oiceronem
454 3271 550 3352 misit,
574 3269 681 3336 Cassio
700 3271 736 3334 in
759 3269 881 3351 Syriam
903 3267 991 3333 eunti
1011 3269 1119 3334 mulus
1135 3267 1230 3334 rebus
1244 3285 1318 3350 pro·

191 3372 302 3455 finisse,
324 3392 426 3457 neque
448 3373 587 3439 dubitari
608 3377 722 3457 potest,
746 3372 822 3454 quin
849 3375 923 3455 post
948 3370 982 3436 id
1007 3374 1131 3455 tempus
1153 3371 1186 3436 in
1207 3372 1317 3454 primis

192 3477 236 3544 de
257 3476 425 3546 Dolabella
445 3477 537 3542 hoste
559 3475 717 3542 communi
739 3474 869 3541 consssia
897 3473 1204 3544 communicaverint.

190 3615 400 3628 m

299 3685 322 3751 ¹)
349 3681 402 3738 Cir.
418 3679 554 3737 Schmidt.
573 3680 591 3734 l.
609 3695 636 3736 c.
653 3695 680 3749 p.
696 3679 739 3736 80.
758 3705 789 3724 *-
808 3678 960 3734 Drumn.
978 3677 1032 3734 vol.
1051 3678 1064 3732 l
1082 3693 1108 3748 p.
1126 3679 1185 3734 hl&

297 3771 321 3835 ²)
346 3768 380 3824 Iol
397 3769 454 3824 iam
472 3767 591 3824 Cohetus
608 3765 715 3822 monuit
732 3765 750 3818 l.
769 3779 791 3818 o.
810 3779 836 3832 p.
854 3763 912 3818 281.

297 3857 321 3921 Ι)
349 3852 403 3909 Gir.
430 3853 582 3908 Drumaun.
608 3851 637 3906 11
655 3867 681 3920 p.
700 3849 758 3906 129.
777 3875 810 3888 -
828 3848 873 3902 W.
897 3849 1079 3918 Wegehsupt
1119 3849 1147 3904 P.
1170 3849 1318 3908 damalius

188 3939 349 3998 Dolabella.
383 3939 477 4009 Progr.
496 3938 593 4008 (lym.
612 3935 762 3992 Gladhooh.
781 3932 892 4003 18801).
911 3933 951 3990 ll.

297 4026 322 4092 ⁴)
345 4023 418 4078 Nam
435 4023 599 4094 plerumque
617 4021 730 4076 litterae
752 4018 927 4088 Dyrrhachio
948 4018 1103 4084 undecimo,
1117 4019 1236 4076 Athenis
1260 4037 1317 4078 uno

191 4118 224 4167 et
250 4110 392 4173 vicesimo,
417 4109 529 4180 Epheso
555 4108 651 4177 quinto
678 4112 706 4162 et
731 4104 864 4164 doenum
891 4103 938 4160 die
955 4104 1069 4160 Romam
1095 4103 1317 4174 perlambantur.

192 4195 243 4252 cu
261 4195 392 4252 Schmidt.
411 4194 429 4249 l.
449 4211 471 4250 c.
489 4211 515 4265 p.
533 4195 550 4250 8
568 4209 626 4264 sqq.
