3048 4850
323 277 364 342 84

280 473 329 534 est
361 463 502 544 monere)
537 462 721 542 accepimus
757 460 864 524 audita
895 477 946 523 res
979 465 1047 523 erat
1078 463 1110 522 11
1131 456 1329 541 pervulgata“
1351 493 1386 502 -

280 584 377 650 quare
410 564 505 644 igitur
532 563 610 627 haec
640 581 704 626 non
726 561 908 644 simpliciter
930 561 970 624 de
992 560 1120 624 Lentuli
1140 559 1253 623 litteris
1275 559 1387 622 intelle-

278 686 351 750 gere
383 667 501 743 liceret,
525 683 600 730 sane
623 664 800 728 rationibus
822 663 898 727 satis
920 662 1067 743 gravibus
1089 667 1158 727 erat
1178 660 1388 724 demonstran·

278 771 363 848 dum,
387 767 471 848 quod
495 768 599 832 omisit
621 767 775 848 Meyerus.
816 766 892 844 Quis
914 771 961 828 est
985 764 1068 828 enim
1089 763 1143 844 qui
1166 763 1298 840 dubitet,
1320 763 1388 842 quin

279 873 320 936 ad
351 877 472 934 tantam
504 888 571 934 rem
605 875 732 949 tamque
767 873 978 949 exspectatam
1008 867 1128 930 Romae
1150 865 1389 946 pervulgandam

278 974 411 1038 duorum
443 972 522 1036 illud
548 971 599 1035 vel
619 971 714 1034 trium
742 969 862 1034 dierum
884 969 1020 1050 spatium
1044 969 1130 1051 (inde
1152 986 1171 1031 a
1193 968 1212 1031 9
1235 967 1390 1048 usquead

280 1079 317 1141 11
350 1076 433 1140 diem
460 1070 1390 1155 1111111.)1111111111,ρ111111111111111111111111111111

278 1179 385 1244 statim
407 1179 440 1241 in
462 1183 575 1241 senatu
598 1177 748 1240 recitatae
772 1176 896 1240 essent?
911 1211 947 1221 -
961 1173 1106 1238 Ciceroni
1126 1190 1201 1237 vero
1217 1178 1391 1237 totamrem

276 1299 340 1344 non
373 1280 478 1363 potius
511 1296 575 1342 non
607 1278 830 1360 divulgandam
852 1295 950 1358 quam
968 1275 1184 1340 occultandam
1207 1293 1275 1339 esse
1296 1275 1392 1339 visam

276 1382 361 1446 haud
394 1380 571 1445 mirandum
604 1380 781 1461 estquod
814 1379 876 1442 iam
910 1383 1004 1443 antea
1036 1395 1075 1442 111
1102 1378 1194 1442 meris
1215 1377 1391 1442 rumoribus

276 1490 365 1549 tanta
387 1483 519 1548 audacia
542 1495 573 1547 et
594 1484 628 1546 in
649 1489 762 1547 senatu
783 1487 815 1546 11
836 1481 877 1546 ad
899 1481 1049 1564 populum
1071 1479 1173 1544 Cassii
1194 1485 1302 1560 egerat
1325 1497 1392 1544 cau·

277 1605 344 1650 sam
360 1587 393 1668 Ι).

379 1687 448 1769 §C
492 1687 530 1750 ln
562 1687 621 1750 hac
655 1687 822 1765 sententia,
850 1704 912 1767 qua
945 1684 1055 1750 Cicero
1078 1686 1119 1750 ad
1140 1685 1267 1749 laudem
1288 1685 1322 1748 in
1344 1703 1391 1749 11-

277 1796 377 1852 trema
398 1789 490 1853 Bruti
511 1789 643 1870 epistola
665 1787 729 1858 filio
753 1807 809 1852 suo
833 1789 989 1852 cumulate
1011 1789 1162 1853 tributam
1184 1789 1322 1852 breviter
1344 1806 1389 1851 11-

276 1892 420 1974 spondet,
443 1911 548 1957 nonne
570 1893 758 1974 exquisitum
779 1892 857 1956 illud
879 1899 910 1956 et
932 1891 1059 1971 elegans
1074 1891 1199 1955 dicendi
1212 1907 1383 1970 genusvere

276 1995 454 2059 Tullianum
486 1995 621 2060 videaris
649 2012 818 2076 agnoscere
829 1993 878 2074 ²)?
910 1993 1046 2057 Tantum
1076 1993 1159 2057 enim
1182 1993 1282 2071 abest,
1301 1998 1336 2056 ut
1353 1992 1386 2055 'm

281 2098 344 2162 liis:
369 2104 509 2179 „tantum
537 2098 665 2175 scilicet,
688 2105 839 2178 quantum
863 2096 978 2160 debeo“
1002 2097 1135 2160 molesta
1156 2096 1198 2160 sit
1218 2094 1389 2174 1111111111),

274 2205 310 2264 ut
342 2200 576 2280 elegantissime
609 2201 648 2263 iis
683 2201 882 2263 contineatur
914 2216 1061 2280 expressa
1093 2199 1192 2278 patris
1215 2199 1331 2276 cautio,
1354 2217 1392 2263 ne

274 2301 420 2364 laudibus
453 2300 511 2364 filii
545 2303 637 2365 nimis
663 2301 836 2381 indulgeat.
879 2302 983 2382 Atque
1011 2307 1042 2364 et
1069 2301 1168 2380 magis
1190 2302 1295 2383 placet
1316 2302 1395 2366 haec

274 2405 432 2466 sententia
465 2421 558 2482 quam
593 2421 673 2484 quae
701 2402 863 2480 efficietur,
892 2403 919 2466 si
941 2420 1011 2465 curn
1033 2403 1180 2466 Ernestio
1204 2403 1338 2484 „debeo“
1360 2405 1395 2468 in

274 2503 401 2584 „debet“
435 2505 712 2582 immutaverimua
748 2511 780 2568 et
805 2504 908 2584 ipsum
936 2504 1060 2569 dicendi
1081 2523 1178 2586 genus
1199 2506 1396 2586 magianum

273 2623 333 2669 usu
355 2605 516 2669 Ciceronis
539 2607 705 2671 convenire
726 2607 859 2671 videtur.

377 2708 514 2788 Singulis
546 2709 710 2790 utriusque
737 2711 889 2791 epistolae
920 2711 1083 2775 sententiis
1105 2710 1306 2792 pertractatis
1328 2728 1395 2774 non

272 2811 335 2876 iam
369 2829 447 2893 opus
475 2818 524 2876 est
546 2813 771 2892 demonstrare
795 2821 990 2895 quantopere
1012 2814 1116 2877 omnia
1137 2813 1187 2876 vel
1207 2812 1338 2876 minima
1360 2812 1396 2876 in

272 2914 331 2978 hac
364 2913 523 2978 Ciceronis
554 2916 687 2997 epistola
720 2915 761 2978 ad
788 2915 875 2979 illarn
896 2915 989 2978 Bruti
1010 2913 1229 2994 respondeant.
1275 2912 1397 2978 Occur-

271 3023 347 3080 runt
369 3026 475 3081 autem
496 3018 529 3080 in
554 3018 665 3080 ceteris
688 3034 812 3098 quoque
834 3016 1038 3097 epistolarum
1059 3015 1148 3080 libris
1170 3017 1294 3088 litterae
1310 3035 1398 3098 quae

271 3118 357 3182 haud
389 3119 492 3183 minus
526 3126 672 3183 accurate
705 3118 764 3182 sibi
796 3118 1016 3198 respondeant,
1045 3135 1177 3198 quarum
1200 3136 1237 3182 ex
1258 3136 1398 3183 nurnero

272 3213 442 3285 afferantur
474 3221 567 3286 binae
599 3221 636 3284 D.
660 3219 753 3286 Bruti
774 3219 968 3300 totidemque
991 3219 1160 3300 Ciceronis,
1183 3220 1224 3283 ad
1245 3219 1320 3296 iam.
1344 3221 1399 3286 XI

271 3324 379 3387 20-21
403 3327 435 3386 et
457 3324 575 3387 23-24.

371 3670 438 3735 Iam
462 3689 541 3752 quae
563 3673 604 3735 ad
625 3673 748 3752 singula
769 3674 861 3738 huius
884 3675 1035 3756 epistolae
1046 3675 1170 3738 dicendi
1185 3651 1301 3756 genera
1316 3689 1397 3753 per-

269 3772 392 3838 tineant
412 3774 728 3856 illustranda'paucis
749 3794 981 3857 persequamur.
1226 3757 1258 3874 *a

373 3979 394 4046 1)
413 3977 460 4032 Otr
477 3978 512 4032 ad
529 3978 591 4033 iam.
610 3981 663 4035 XII
681 3981 704 4036 7.
1256 3875 1411 4068 N

373 4066 395 4130 ²)
414 4062 461 4116 Cfr
479 4064 574 4120 Cobet.
593 4066 610 4118 l.
630 4083 654 4122 c.
672 4084 697 4136 p.
716 4069 775 4124 296.

373 4150 396 4216 ³)
414 4147 461 4203 Cir
477 4149 581 4221 Meyer.
599 4151 617 4206 l.
636 4169 659 4207 e.
678 4170 702 4220 p.
722 4153 779 4208 113.

1412 4072 1464 4156 *a
