3082 4856
334 265 375 332 28

290 457 339 518 ast
360 452 447 531 satis,
476 469 583 516 curam
604 451 769 516 consilium
790 450 1048 532 vigilantiamque
1065 451 1262 532 praestabat
1284 453 1415 520 Deinde

290 555 426 621 conferri
451 559 583 638 possunt
610 553 792 619 Phil-VIII
818 555 860 618 30
881 557 914 618 et
941 553 980 620 de
1004 554 1172 636 prudentia
1193 554 1328 636 principi
1349 556 1412 620 civi

289 658 483 740 praestanda
500 655 583 720 Phil.
600 655 663 720 XII
687 656 716 719 1.
755 655 824 721 Iam
837 654 919 720 Phil.
941 655 992 720 III
1014 657 1055 720 33
1077 655 1126 719 his
1147 673 1223 720 usus
1245 661 1314 740 erat
1339 675 1414 722 vcr-

289 758 353 823 bis:
376 759 512 840 „nullum
540 761 673 838 tempus,
700 777 732 839 p.
760 775 797 828 c.‚
826 757 985 822 dimittam
1011 773 1115 838 neque
1137 757 1284 824 diurnum
1305 775 1416 841 neque:

287 865 486 940 noctmnum‚
509 859 585 940 quin
607 859 646 922 de
667 858 816 923 libertate
838 858 949 940 populi
970 859 1105 922 Romani
1127 862 1159 923 et
1181 859 1335 939 dignitate
1356 879 1412 926 ve·

288 965 355 1026 stra
383 963 467 1045 quod
494 962 696 1042 cogitandum
723 960 765 1026 sit
786 961 931 1042 cogitem,
958 961 1044 1042 quod
1066 961 1223 1042 agendum
1245 966 1340 1044 atque
1361 962 1416 1028 ta-

288 1065 432 1130 ciendmu
453 1065 487 1130 id
507 1083 571 1129 non
592 1064 687 1128 modo
709 1082 851 1129 recusem
872 1064 927 1128 sed
950 1064 1047 1128 etiam
1067 1069 1214 1146 appetam
1236 1069 1332 1146 atque
1353 1067 1407 1130 de-

287 1169 442 1248 poscam“,
456 1185 536 1249 quae
547 1167 682 1232 maxime
698 1153 790 1248 quasi
804 1166 974 1248 respiciens
984 1166 1114 1230 ineunte
1125 1185 1166 1232 m.
1181 1165 1355 1232 Februario
1367 1169 1415 1232 ad

288 1269 479 1334 Trebonium
495 1270 552 1352 (ad
562 1268 636 1334 fam.
648 1269 678 1332 X
689 1268 746 1352 28)
765 1267 889 1333 scribit:
906 1286 995 1348 „nam
1007 1286 1077 1332 cum
1088 1273 1233 1334 senatum
1244 1287 1273 1332 a.
1286 1269 1317 1334 d.
1328 1269 1410 1336 XIII

286 1372 447 1438 Kalendas
468 1372 633 1436 Ianuarias
654 1370 773 1435 tribuni
793 1371 836 1452 pl.
851 1370 1048 1434 vocavissent
1063 1370 1164 1451 deque
1181 1371 1294 1436 aliare
1311 1370 1412 1436 refer·-

286 1479 366 1554 rcnt
382 1478 484 1538 totam
498 1492 565 1560 rem
576 1473 734 1556 publicam
745 1491 816 1538 sum
831 1472 1011 1555 complexus
1023 1473 1135 1553 egique
1150 1473 1301 1537 acerrime
1317 1491 1416 1538 sena·

286 1583 417 1658 tumque
438 1578 501 1640 iam
522 1577 724 1657 languentem
751 1580 783 1640 et
809 1573 966 1640 delossum
994 1576 1034 1639 ad
1062 1575 1229 1656 pristinam
1256 1576 1410 1643 virtutem

287 1679 607 1760 consuetudmemqne
629 1679 772 1744 revocavi
793 1678 893 1758 magis
916 1677 1012 1743 animi
1034 1696 1128 1758 quam
1143 1679 1261 1759 ingenii
1278 1678 1413 1744 viribus.

285 1781 346 1846 Hic
368 1781 435 1844 dies
456 1798 588 1861 meaque
610 1781 770 1846 contentio
793 1786 889 1861 atque
916 1781 999 1845 actio
1023 1797 1111 1862 spem
1132 1781 1268 1861 primum
1289 1782 1408 1864 populo

285 1883 429 1948 Romano
452 1883 560 1948 attulit
580 1883 737 1948 libertatis
759 1883 1008 1965 recuperandam
1030 1900 1088 1947 nec
1110 1900 1184 1948 vero
1207 1883 1274 1966 ipse
1296 1888 1412 1964 postea

285 1989 410 2067 tempus
436 1985 535 2050 ullum
561 1985 716 2051 intermisi
743 1985 782 2050 de
808 2004 842 2052 re
875 1984 1002 2068 publica
1028 2003 1093 2050 non
1119 1985 1279 2066 cogitandi
1306 1987 1409 2050 solum

286 2089 342 2152 red
364 2089 461 2154 etiam
483 2089 607 2169 agendi.
651 2088 826 2165 Quodnisi
848 2106 898 2154 res
920 2087 1060 2153 urbanas
1082 2092 1215 2169 actaque
1239 2088 1345 2152 omnia
1366 2089 1407 2154 ed

284 2195 318 2256 te
339 2190 472 2272 perferri
494 2191 675 2269 arbitrarer,
697 2192 765 2272 ipse
780 2190 1016 2273 perscriberem,
1033 2208 1223 2270 quamquam
1240 2207 1326 2254 eram
1342 2209 1408 2256 ma·

285 2293 377 2357 ximis
411 2292 669 2373 occupationibus
701 2293 896 2373 impeditus“‚
931 2295 964 2355 et
996 2292 1038 2355 ad
1070 2289 1273 2356 Oomificium
1299 2309 1408 2358 mense

285 2394 433 2458 Ianuario
457 2393 606 2466 (adium.
633 2393 696 2458 XII
723 2393 795 2474 24):
820 2410 894 2474 „ego
922 2397 1039 2470 tamen,
1067 2398 1103 2456 ut
1124 2393 1261 2475 primum
1285 2395 1410 2458 occasio

286 2496 363 2559 data
389 2500 437 2558 est
470 2513 539 2559 meo
572 2495 705 2576 pristino
733 2512 821 2558 more
847 2512 915 2559 rem
942 2494 1103 2574 publicam
1130 2494 1329 2574 defendendi,
1358 2514 1412 2562 me

286 2598 459 2679 principem
492 2598 616 2662 senatui
647 2597 828 2680 populoque
860 2597 1003 2662 Romano
1036 2597 1198 2678 professus
1236 2617 1315 2677 sum,
1350 2615 1409 2664 nec

285 2705 396 2782 postea
418 2718 513 2782 quam
535 2701 658 2782 suscepi
680 2717 808 2765 causam
823 2699 981 2764 libertatis
998 2700 1162 2766 minimum
1177 2706 1301 2782 tempus
1317 2700 1409 2768 amisi

284 2804 422 2868 tuendae
443 2803 555 2867 salutis
575 2803 795 2884 libertatisque
818 2803 1018 2882 communis“,
1042 2803 1156 2885 quibus
1179 2803 1253 2867 addi
1275 2807 1412 2884 possunt

284 2906 403 2974 slmiles
420 2905 481 2970 loci
495 2906 536 2970 de
553 2907 694 2987 epistolis
711 2907 896 2988 complures,
913 2907 1001 2971 velut
1016 2907 1057 2970 ad
1073 2905 1147 2970 iam.
1163 2905 1227 2969 XII
1242 2907 1294 2983 25,
1313 2907 1344 2984 2;
1356 2906 1408 2985 28,

285 3010 314 3084 3,
339 3009 380 3073 ad
400 3009 579 3074 Atticuml
608 3010 656 3088 19,
679 3011 710 3074 6.
754 3009 899 3089 Denique
921 3007 1002 3072 Phil.
1027 3008 1100 3072 XIV
1125 3009 1250 3074 19-20
1277 3007 1412 3072 consilia

284 3116 357 3176 acta
383 3130 441 3176 sua
463 3112 642 3192 complexus
668 3112 713 3176 sic
742 3111 833 3182 dicit:
862 3111 1031 3192 „memoria
1057 3114 1167 3175 tenent
1194 3109 1332 3192 (omnes)
1356 3128 1412 3174 me

284 3219 358 3280 ante
391 3215 474 3279 diem
506 3214 584 3278 Xlll
617 3213 688 3278 Kal.
721 3213 788 3277 Ian.
821 3211 996 3294 principem
1021 3213 1218 3278 revocandae
1250 3212 1412 3278 libertatis

283 3315 394 3394 irrisam
417 3333 467 3381 me
489 3333 527 3379 ex
550 3315 622 3378 Kal.
645 3316 713 3379 Ian.
736 3315 776 3378 ad
797 3314 880 3378 hanc
900 3315 1012 3380 horam
1033 3315 1214 3396 invigilasse
1235 3316 1282 3380 rei
1303 3315 1411 3396 publi·

284 3435 348 3495 cae,
377 3433 480 3481 meam
513 3417 641 3483 domum
672 3434 820 3498 measque
853 3417 937 3480 auris
971 3417 1038 3482 dies
1070 3418 1235 3498 noctisque
1267 3418 1410 3486 omnium

231 3567 244 3598 .
282 3519 461 3602 praeceptis
482 3519 673 3600 monitisque
694 3520 844 3600 patuisse,
866 3520 945 3584 meis
967 3520 1082 3586 litteris
1102 3519 1179 3584 meis
1194 3520 1313 3588 nuntiis
1328 3521 1409 3588 meis

284 3621 557 3686 cohortationibus
586 3622 688 3687 omnis
715 3622 769 3702 qui
795 3622 912 3703 ubique
941 3626 1047 3686 essent
1073 3621 1114 3686 ad
1141 3622 1263 3703 patriae
1288 3624 1409 3705 praesi-

283 3725 370 3790 dium
392 3725 555 3803 excitatos‚
578 3725 655 3790 meis
677 3725 841 3790 sententiis
863 3743 883 3790 a
903 3725 975 3790 Kal.
998 3725 1065 3790 Ian.
1092 3743 1263 3805 numquam
1284 3726 1408 3806 legatos

283 3827 325 3892 ad
347 3827 529 3905 Antonium,
552 3843 676 3908 semper
697 3827 787 3892 illum
815 3827 947 3906 hostem,
975 3844 1099 3908 semper
1126 3827 1186 3890 hoc
1213 3826 1341 3906 bellum,
1369 3832 1407 3894 ut

283 3945 351 4008 ego,
375 3928 429 4009 qui
451 3928 536 3992 omni
557 3931 699 4010 tempore
720 3947 813 3994 verae
834 3931 921 4010 pacis
937 3933 1048 3995 auctor
1062 3929 1200 4009 fuissem,
1215 3929 1289 3994 huic
1304 3947 1407 3996 essem

282 4030 401 4096 nomini
422 4029 590 4112 pestilerae
612 4033 698 4112 pacis
719 4031 896 4096 inimicust

384 4133 444 4215 53.
468 4131 617 4213 Sequitur
627 4137 664 4198 ut
675 4139 848 4198 extremam
860 4151 984 4214 quoque
995 4134 1148 4216 epistolae
1158 4140 1281 4217 partem
1293 4136 1405 4202 eadam
