3082 4856
247 275 288 339 10

200 479 259 526 nus
275 463 298 547 ¹)
322 467 431 526 omnes
454 462 637 526 Hermanno
649 460 679 544 ²)
705 461 767 525 hoc
795 465 1028 539 concesserunt,
1057 461 1142 541 quod
1169 460 1249 526 nulli
1269 459 1326 522 ha-

199 582 270 627 rum
292 563 499 644 epistolarum
526 563 599 627 libri
625 580 722 627 manu
742 563 853 644 scripti
873 563 937 626 iam
959 565 1092 641 exstent,
1116 580 1154 626 ea
1174 579 1209 625 re
1230 559 1326 626 fidem

200 684 308 731 earum
330 683 395 730 non
416 666 512 730 modo
534 683 598 729 non
619 664 724 746 frangi
745 666 802 730 sed
823 683 864 730 ne
885 665 1029 728 imminui
1046 664 1183 746 quidem.
1220 663 1326 745 Atque

198 767 260 831 hoc
282 768 408 847 quidem
430 785 467 831 eo
489 767 539 831 vel
561 767 698 832 maxime
719 765 934 846 confirmatur,
958 767 1044 847 quod
1065 771 1115 830 tot
1129 771 1258 847 tamque
1272 783 1326 830 ne-

200 870 355 934 cessariae
376 870 460 934 inter
481 869 540 933 hos
561 868 659 933 libros
681 869 882 934 intercedunt
904 868 1053 948 rationes
1075 873 1120 947 ut,
1136 869 1192 949 qui
1205 873 1326 932 utrum-

199 988 261 1051 que
292 973 387 1052 paulo
421 971 600 1035 accuratius
632 972 868 1050 examinaverit,
903 971 1069 1051 utriusque
1103 970 1252 1050 epistolas
1286 969 1325 1034 ab
1423 1027 1439 1054 ‚

198 1073 311 1138 iisdem
338 1091 469 1155 prorsus
497 1074 679 1139 auctoribus
701 1075 836 1155 scriptas
863 1091 932 1138 esse
959 1074 989 1137 ei
1016 1073 1246 1154 persuadeatur
1272 1091 1326 1138 ne-

199 1192 287 1240 cesse
308 1177 360 1240 sit.
391 1175 484 1252 Quod
506 1180 538 1241 et
560 1176 761 1240 Hermannus
783 1176 993 1257 Meyerusque
1020 1176 1084 1239 iam
1111 1174 1327 1256 probaveumt

198 1281 231 1340 et
252 1276 335 1340 infra
357 1276 464 1341 multis
487 1278 566 1341 locis
588 1278 764 1358 apparebit.

300 1380 388 1457 Quae
410 1397 482 1444 cum
503 1380 550 1444 ita
571 1381 644 1458 sint,
668 1380 744 1461 quid
773 1379 880 1444 obstat
907 1380 1074 1460 quominus
1100 1379 1153 1442 hic
1179 1378 1327 1459 epistola-

196 1499 267 1545 rum
294 1481 376 1545 liber
396 1515 438 1526 —
462 1483 489 1545 si
517 1483 643 1546 omnino
676 1482 758 1546 liber
790 1485 839 1546 est
865 1481 1081 1563 appellandus,
1110 1481 1163 1562 qui
1190 1481 1327 1561 quinque

196 1587 320 1646 tantum
342 1583 493 1663 epistolas
516 1584 621 1664 capiat
643 1620 684 1629 -
706 1583 836 1647 tandem
857 1583 891 1646 in
913 1600 1004 1646 suum
1025 1583 1131 1647 locum
1145 1583 1327 1664 pristinum-

197 1702 259 1765 que
287 1689 405 1748 statum
433 1686 621 1749 restituatur
645 1684 780 1766 finisque
801 1685 971 1766 aliquando
994 1682 1051 1748 fiat
1072 1686 1160 1765 quasi
1183 1685 1270 1749 exilii
1290 1684 1328 1748 il-

195 1787 267 1865 lius„
291 1804 352 1867 quo
375 1787 468 1850 nirnis
495 1787 560 1850 diu,
577 1788 641 1850 iam
669 1787 808 1851 omnium
836 1786 1033 1866 contemptui
1058 1786 1187 1849 minime
1213 1787 1327 1851 merito

197 1887 353 1951 obnoxius
383 1887 500 1952 fuerit?
548 1889 621 1953 Sive
656 1888 752 1971 „liber
783 1888 920 1969 primus“
948 1888 1015 1970 ipse
1041 1887 1233 1966 inscribitur,
1262 1889 1329 1952 sive

197 1990 334 2071 quinque
367 1989 435 2054 eius
468 1991 621 2072 epistolae
646 1991 680 2054 in
707 1995 884 2055 ceterarum
916 1991 1101 2054 societatem
1133 1991 1330 2072 recipiuntur

196 2096 292 2172 atque
314 2110 385 2156 cum
406 2093 456 2156 his
483 2093 529 2157 ita
557 2094 799 2173 coniunguntur,
827 2097 864 2157 ut
891 2111 956 2157 uno
984 2110 1093 2157 omnes
1120 2092 1202 2156 libro
1232 2097 1264 2156 et
1290 2110 1328 2157 eo

195 2211 273 2258 sane
294 2212 358 2258 non
380 2195 473 2258 nimis
496 2195 601 2276 amplo
625 2196 857 2272 contineantur,
879 2195 967 2275 prior
982 2199 1099 2260 tamem
1113 2195 1197 2258 inter
1211 2195 1329 2275 episto-

195 2295 244 2358 las
278 2295 438 2360 Ciceronis
470 2299 503 2358 et
528 2296 621 2359 Bruti
647 2295 736 2360 locus
764 2313 861 2376 quare
888 2297 927 2359 iis
953 2297 1018 2360 iam
1043 2314 1108 2360 non
1140 2297 1328 2376 assignetur,

197 2397 314 2478 quippe
335 2413 416 2477 quae
439 2414 547 2460 omnes
570 2397 720 2477 epistolas
736 2398 847 2479 „primi
863 2397 952 2462 libri“
969 2402 1112 2479 tempore
1127 2398 1327 2476 antecedant,

196 2498 291 2578 plane
324 2515 388 2562 non
420 2498 524 2562 video.
568 2499 678 2580 Neque
711 2499 795 2563 enim
829 2500 968 2580 quinque
995 2499 1066 2563 illas
1094 2499 1244 2580 epistolas
1271 2516 1328 2579 per

197 2617 231 2664 se
254 2617 346 2663 suum
367 2605 400 2664 et
421 2601 614 2682 peculiarem
641 2601 758 2666 librum
785 2603 960 2683 antiquitus
982 2601 1327 2688 explevissecredibile

197 2706 255 2780 est,
279 2706 312 2767 et
334 2701 520 2790 Ciceronem
542 2709 574 2767 et
595 2703 730 2768 Brutum
752 2709 827 2768 ente
849 2704 906 2768 bas
929 2703 1003 2767 libri
1019 2703 1053 2766 II
1071 2704 1221 2784 epistolas
1237 2704 1327 2768 datas

196 2803 300 2868 nullas
322 2804 434 2868 eodem
455 2822 538 2869 anno
560 2806 644 2870 inter
666 2823 700 2870 se
722 2806 844 2870 litteras
872 2806 1119 2871 communicasse
1141 2823 1191 2870 me
1212 2805 1328 2886 proba·

196 2909 305 2969 turum
327 2923 396 2970 esse
417 2924 520 2987 spero,
543 2907 627 2971 inter
650 2913 823 2972 extremam
849 2912 957 2973 autem
984 2907 1058 2972 libri
1084 2906 1117 2969 II
1139 2912 1172 2970 et
1193 2907 1326 2987 primam

195 3007 270 3072 libri
290 3008 307 3071 1
328 3009 496 3091 epistolam
514 3010 549 3092 (I
571 3012 606 3090 3;
629 3029 703 3074 nam
726 3029 776 3092 ep.
799 3010 816 3073 I
839 3012 855 3075 1
880 3011 1001 3089 omitto,
1024 3027 1095 3073 cum
1110 3009 1150 3073 de
1165 3010 1231 3073 eius
1247 3014 1326 3073 tem-

195 3127 274 3192 pore
295 3111 374 3176 nihil
401 3114 481 3178 certi
506 3114 605 3179 statui
631 3113 745 3194 possit)
774 3130 839 3178 non
865 3112 1000 3193 amplius
1026 3116 1178 3193 quattuor
1204 3112 1327 3176 dierum

196 3215 348 3294 temporis
370 3215 574 3280 intervallum
594 3215 790 3279 intercedere
812 3232 851 3278 ex
872 3213 949 3295 ipsis
971 3219 1114 3296 apparet.

302 3450 324 3517 ι)
341 3449 359 3504 r.
379 3467 402 3504 e.
420 3468 446 3520 p.
464 3421 506 3505 aa.

299 3537 322 3601 ²)
342 3536 400 3589 Zur
417 3535 526 3591 Rechts.
554 3537 568 3590 I
585 3552 612 3605 p.
632 3535 665 3589 11
684 3550 733 3604 sq,
751 3534 785 3589 15
802 3549 861 3603 sqq.

658 3831 863 3842 ———-—
