3082 4856
1205 303 1247 367 23

172 510 243 558 sum
273 493 417 572 spectant
448 491 601 573 temporis
632 491 779 573 spatium,
807 491 892 572 qnod
916 490 992 555 inde
1018 487 1059 555 ab
1086 486 1129 555 ιι.
1152 489 1290 555 Antonio

172 593 272 658 Roma
292 591 435 673 proiecto
466 593 684 675 praeterierat.
733 593 815 657 Nam
843 593 928 674 quod
956 591 1066 658 Cicero
1089 594 1225 674 primum
1247 593 1292 657 sic

170 694 294 759 scribit:
318 694 553 777 „desiderabam
575 694 734 782 nonnullis
756 695 790 759 in
811 694 906 759 rebus
928 696 1130 778 prudentiam
1158 700 1190 760 et
1212 697 1292 760 cele-

168 797 305 874 ritatem,
330 814 393 877 qua
414 797 442 861 si
463 801 569 862 essent
589 797 639 861 usi
662 795 844 882 (consules),
866 799 930 862 iam
952 798 1074 879 pridem
1095 815 1162 862 rem
1189 797 1292 879 publi-

167 917 239 964 cam
261 899 567 980 recuperassemus:“
595 935 638 946 -
666 899 742 981 quid
770 899 856 963 aliud
885 901 960 981 agit,
987 901 1049 964 nisi
1074 905 1111 964 ιιι
1138 919 1292 964 summam

166 986 300 1067 suorum
320 1001 354 1065 in
375 1018 410 1066 ιι
431 1002 559 1083 publica
581 1002 784 1066 consiliorum
807 1002 1106 1083 contentionumque
1132 1002 1292 1084 proximo-

165 1121 238 1168 rum
259 1103 415 1167 mensium
438 1123 533 1185 quam
554 1105 751 1187 paucissimis
778 1104 1027 1186 complectatur?
1054 1105 1122 1168 Iam
1149 1109 1186 1167 ut
1212 1122 1293 1185 qnae

165 1205 354 1270 brevissime
375 1205 469 1270 modo
492 1205 687 1271 indicaverat
708 1207 803 1288 paulo
825 1206 1007 1287 diligentius
1029 1207 1172 1289 explicet,
1203 1206 1293 1287 quasi

165 1309 271 1373 locum
305 1325 502 1372 communem
534 1307 574 1372 de
607 1309 858 1373 adminIstranda
889 1327 924 1372 re
956 1309 1083 1390 publica
1109 1307 1216 1388 affert;
1249 1345 1293 1354 —

165 1427 279 1491 nempe
305 1410 355 1473 vir
381 1410 415 1474 in
442 1429 476 1475 re
502 1410 628 1492 publica
655 1412 791 1475 maxime
816 1416 959 1476 versatus
982 1412 1066 1492 apud
1086 1411 1132 1474 alt
1118 1414 1221 1474 terum
1243 1411 1293 1475 sui

166 1512 302 1576 similem
312 1511 411 1576 verba
425 1510 511 1591 iacit,
529 1513 661 1578 -haec
675 1514 818 1595 proxime
834 1513 936 1578 addit·
961 1531 1042 1596 ,non
1057 1513 1140 1577 enim
1153 1513 1290 1593 ignoras,

169 1617 290 1696 quanta
309 1617 470 1678 momenta
492 1614 585 1678 sint
575 1633 609 1678 ιιι
630 1633 665 1679 re
685 1615 814 1697 pubIIca
834 1621 1012 1696 temporum
1039 1614 1205 1695 etquid
1196 1618 1243 1677 ιιιι
1244 1632 1292 1678 ιι-

168 1717 210 1780 ιιι
196 1715 325 1780 tidem
351 1714 431 1780 illud
457 1721 565 1780 utrum
597 1720 672 1780 ante
704 1735 745 1781 au
777 1721 851 1798 post
883 1717 1071 1782 decernatur
1102 1717 1293 1798 suscipiatur

167 1818 308 1898 agatur.“
353 1818 499 1899 Denique
532 1818 595 1882 vim
626 1819 720 1882 huius
752 1836 809 1882 sen
810 1820 928 1884 tentiae
954 1819 1004 1899 iis,
1033 1837 1113 1900 quae
1140 1819 1292 1900 proximis

165 1921 328 1986 mensibus
355 1921 475 1985 Romae
508 1925 580 1984 acta
607 1925 707 1999 erant,
735 1922 781 1984 ιιι
806 1921 984 2003 probatnt
970 1922 1116 1986 tdicat:
1151 1921 1290 2003 ,Omnia

167 2041 250 2103 quae
276 2041 385 2088 severe
411 2022 539 2087 decreta
566 2027 641 2087 sunt
666 2023 727 2086 hoc
754 2023 903 2101 tumultu
931 2023 958 2087 si
980 2028 1036 2087 aut
1057 2041 1119 2104 quo
1147 2023 1197 2086 die
1226 2023 1291 2086 dixi

170 2125 358 2188 sententiam
378 2123 519 2207 perfecta
541 2127 646 2187 essent
668 2128 699 2187 et
720 2141 785 2187 non
806 2125 839 2187 in
861 2123 944 2188 diem
966 2141 1005 2187 ex
1026 2123 1077 2186 die
1099 2123 1178 2186 dilat
1164 2128 1207 2203 ιι,
1235 2129 1291 2188 aut

172 2244 233 2308 quo
257 2244 294 2290 ιι
318 2231 460 2310 tempore
482 2229 628 2307 suscepta
650 2229 724 2289 sunt
739 2224 789 2308 [ut
810 2225 992 2308 agerentur]
1014 2244 1078 2290 non
1105 2226 1232 2290 tardata
1258 2231 1291 2291 et

167 2327 407 2408 procrastinata,
430 2327 550 2393 bellurn
571 2327 636 2391 iam
657 2327 778 2391 nullum
799 2327 1014 2392 haberemus.“
1042 2365 1086 2372 —
1112 2327 1199 2404 Quae
1224 2347 1290 2393 om-

165 2431 220 2495 nia
252 2429 413 2511 quemad
440 2430 569 2494 modum
598 2430 709 2494 ceteris
735 2429 826 2494 libris
853 2427 1029 2510 significato
1056 2430 1110 2494 illo
1139 2431 1291 2512 temporis

167 2533 270 2614 spatio
294 2551 313 2596 a
335 2532 488 2597 Cicerone
514 2532 640 2614 seriptis
668 2532 820 2597 illustrari
846 2533 978 2615 possint,
1007 2551 1090 2596 nnnc
1116 2533 1290 2598 videamus.

269 2634 338 2699 Iam
359 2636 462 2716 prima
483 2635 628 2699 oratione
650 2634 732 2698 Phil.
759 2635 819 2714 HI,
848 2653 877 2700 a.
905 2635 936 2699 d.
957 2634 1038 2698 XIII
1059 2636 1130 2699 Kal.
1154 2635 1222 2700 Ian.
1245 2635 1290 2718 (d.

165 2737 209 2802 20
229 2755 271 2801 m.
294 2729 486 2802 Decembris
506 2738 620 2818 prioris
648 2737 736 2819 anni)
759 2737 871 2801 habita
895 2738 981 2802 inter
1007 2738 1069 2801 alia
1090 2738 1191 2802 multa
1213 2738 1291 2802 haec

164 2838 290 2903 dixerat
313 2839 343 2922 (ᾖ
368 2840 417 2922 1):
442 2839 569 2921 ,Serius
588 2839 725 2919 omnino,
748 2844 855 2921 patres
884 2841 1062 2921 conscripti,
1091 2857 1184 2921 quam
1211 2844 1290 2905 tem·

166 2959 225 3021 pus
253 2941 300 3005 rei
326 2941 470 3023 pubIIcae
497 2941 689 3023 postulabat,
717 2941 886 3022 aliquando
914 2945 1019 3005 tamen
1047 2943 1212 3006 convocati
1239 2959 1290 3006 su-

168 3060 251 3123 mus;
275 3044 361 3124 quod
382 3042 564 3124 flagitabam
587 3043 732 3126 equidem
755 3043 880 3108 cotidie.
904 3077 943 3088 -
970 3044 1204 3125 Exspectantur
1225 3036 1290 3108 Ka·

169 3144 279 3210 lendae
311 3145 487 3225 Ianuariae,
521 3164 600 3228 quas
632 3164 696 3212 non
723 3150 883 3229 exspectat
910 3145 1078 3211 Antonius.
1110 3179 1151 3190 —
1179 3145 1211 3227 (ἓ
1243 3145 1288 3226 2.)

169 3248 256 3326 Quae
278 3253 328 3313 est
349 3249 445 3329 igitur
467 3251 661 3332 exspectatio
684 3255 739 3314 aut
762 3268 842 3333 quae
863 3249 914 3314 vel
934 3249 1055 3314 minimi
1076 3247 1188 3312 dilatIo
1210 3253 1289 3312 tern-

165 3352 273 3434 poris?
305 3352 501 3433 Quamquam
530 3353 613 3416 enim
640 3353 756 3417 adsunt
783 3353 946 3417 Kalendae
973 3351 1149 3430 Ianuariae,
1183 3355 1287 3416 tamen

165 3453 262 3518 breve
293 3459 418 3536 tempus
450 3456 581 3536 longum
614 3459 662 3519 est
688 3455 862 3536 imparatis.
905 3455 982 3519 Dies
1010 3455 1094 3519 enim
1122 3454 1213 3519 affert
1238 3454 1290 3519 vel

163 3556 244 3620 hora
265 3557 380 3638 potins,
404 3557 462 3621 nisi
485 3558 646 3639 provisum
670 3561 727 3636 est,
750 3575 880 3637 magnas
895 3574 989 3639 saepe
1005 3557 1119 3622 clades.
1141 3593 1181 3604 -
1198 3557 1289 3635 Quod

163 3659 192 3722 si
219 3663 277 3722 ιιιι
305 3658 470 3724 Kalendae
497 3660 665 3725 Ianuariae
691 3658 826 3723 fuissent
852 3677 889 3723 eo
918 3659 978 3738 die,
1008 3678 1071 3740 quo
1092 3660 1228 3741 primum
1250 3677 1289 3723 ex

162 3760 244 3826 urbe
270 3761 352 3841 fugit
379 3761 547 3842 Antonius,
576 3766 631 3826 aut
653 3779 709 3826 eae
725 3780 791 3825 non
812 3764 917 3827 essent
939 3765 1147 3842 exspectatae,
1169 3761 1288 3826 bellum

162 3861 227 3927 iam
261 3864 382 3929 nullum
408 3865 613 3930 haberemus‘
642 3883 669 3929 e.
697 3885 727 3946 q.
754 3881 848 3927 s.-
877 3864 991 3928 Nonne
1019 3881 1058 3926 ex
1084 3863 1134 3927 his
1158 3869 1290 3945 apparet

163 3966 297 4030 eandem
319 3965 498 4031 Ciceroni
489 3972 648 4031 ramtum
676 3966 773 4030 fuisse
801 3965 841 4030 de
868 3983 903 4029 re
924 3964 1052 4047 publica
1073 3965 1289 4047 recuperanda

162 4084 219 4132 aen
220 4068 363 4147 tentiam,
392 4087 487 4150 quarn
514 4069 596 4150 epist
582 4069 649 4133 tole
675 4074 785 4133 nostra
813 4068 913 4132 Bruto
943 4068 1164 4151 explicati·
1125 4068 1288 4133 -·Vene

162 4175 238 4234 runt
272 4175 377 4237 autem
403 4172 533 4236 tandem
560 4171 724 4236 Kalendae
750 4171 824 4235 illae
851 4170 1027 4251 Ianuariae,
1057 4188 1135 4253 quas
1162 4171 1214 4235 vix
1236 4189 1288 4236 ex·
