3048 4850
317 231 358 294 90

272 430 401 512 quanto
435 441 531 492 suum
559 423 676 512 filiurn,
705 433 838 513 quanto.
857 447 968 496 meum
994 428 1030 495 in
1057 426 1206 514 periculo
1222 425 1385 496 ¹futurum

277 543 428 630 duceret,
469 545 495 612 si
537 552 654 615 contra
694 546 941 632 proconsulem·
969 566 1063 615 arma
1081 580 1083 586 .
1099 545 1267 634 tulissent,
1296 545 1386 614 nosti

278 663 466 734 hominem:
495 684 616 734 causae
644 686 710 734 non
736 663 853 735 defuit.
895 665 1065 735 Dixerunt
1092 665 1277 736 etiamalii.
1318 663 1386 734 La-

277 783 340 852 beo
367 803 448 854 vero
476 791 592 853 noster
619 804 686 853 nec¹
707 785 839 872 signum
867 793 961 854 tuum
988 788 1022 853 in
1049 785 1205 872 epistola,
1221 805 1282 853 neo
1297 785 1386 852 diem

275 904 481 989 appositum,
523 923 585 972 uec
623 909 656 971 te
697 905 873 991 scripsisse
900 905 941 974 ad
969 912 1057 992 tuos,
1085 910 1124 973 ut
1149 905 1293 974 soleres:
1322 903 1388 972 hoc

275 1041 399 1109 cogere
439 1022 574 1092 uolebat
612 1020 715 1090 falsas
743 1023 874 1092 litteras
900 1043 976 1093 esse
1003 1032 1047 1111 et,
1076 1025 1104 1093 si
1131 1024 1278 1112 quaeris,
1307 1043 1387 1110 pro-

276 1141 389 1212 babat.
434 1144 465 1210 5.
506 1141 603 1210 Nunc
643 1147 752 1210 tuum.
777 1149 829 1212 est
869 1142 1058 1230 consilium,
1098 1141 1217 1229 Brute,
1245 1141 1287 1210 de
1314 1145 1386 1211 toto

275 1281 401 1349 genere
440 1259 531 1330 belli.
586 1259 693 1330 Video
733 1267 766 1329 te
801 1261 938 1332 lenitate
971 1261 1133 1330 delectari
1160 1268 1195 1331 et
1221 1281 1296 1330 eum
1324 1281 1388 1348 pu-

275 1386 349 1450 tare
375 1378 521 1450 fructum
549 1401 622 1450 esse
651 1383 844 1469 maximum,
872 1380 1048 1468 praeclare
1066 1381 1212 1468 quidem,
1233 1380 1293 1450 sed
1312 1379 1387 1449 aliis

276 1502 389 1590 rebus,
432 1500 507 1568 aliis
546 1502 756 1588 temporibus
782 1501 875 1570 locus
910 1521 984 1570 esse
1012 1500 1099 1570 solet
1125 1501 1293 1587 debetque
1319 1500 1387 1569 cle-

275 1622 433 1689 mentiae.
487 1618 585 1688 Nunc
624 1621 704 1706 quid
743 1622 867 1708 agitur,
901 1619 1030 1688 Brute?
1070 1619 1219 1706 Templis
1246 1619 1386 1688 deornm

275 1737 515 1809 immortalium
543 1739 695 1808 imminet
720 1739 891 1807 hominum
918 1740 1089 1826 egentium
1117 1744 1151 1807 et
1177 1737 1382 1825 perditorum

275 1879 366 1947 spes,
407 1878 469 1927 nec
509 1859 685 1946 quicquam
727 1857 817 1927 aliud
858 1859 1051 1928 decernitur
1090 1857 1154 1926 hoc
1194 1855 1293 1942 bello,
1319 1854 1378 1923 nisi

276 1984 390 2048 utrum
431 1979 534 2048 simus
573 1998 689 2048 necne.
743 1975 807 2047 Cui
838 1978 1008 2065 parcimus
1041 1981 1100 2046 ant
1126 1976 1207 2064 quid
1233 1973 1378 2065 agimus?

276 2099 330 2169 his
372 2119 455 2188 ergo
496 2099 712 2185 consulimus,
754 2098 876 2185 quibus
908 2099 1094 2168 victoribus
1121 2098 1300 2186 vestigium
1327 2115 1383 2163 no·

277 2225 385 2290 strum
412 2219 539 2288 nullum
568 2217 801 2306 relinquetur?
835 2237 912 2287 nam
939 2219 1018 2307 quid
1043 2219 1189 2287 'interest
1215 2217 1303 2286 inter
1317 2214 1384 2284 Do-

279 2338 437 2408 labellam
465 2346 499 2407 et
525 2340 677 2426 quemvis
703 2337 928 2406 Antoniorum
956 2338 1081 2406 trium?
1108 2355 1251 2425 quorum
1278 2335 1308 2404 si
1335 2334 1389 2403 cui

278 2459 460 2545 parcimus,
495 2456 570 2525 duri
597 2453 720 2524 fuimus
748 2456 781 2523 in
808 2454 999 2526 Dolabella.
1053 2455 1147 2526 Haec
1173 2461 1211 2525 ut
1235 2457 1284 2524 ita
1311 2475 1390 2524 sen-

242 2573 247 2586 '
277 2577 359 2644 tiret
398 2591 535 2644 senatus
562 2573 775 2663 populusque
801 2573 985 2662 Romanus,
1014 2576 1077 2645 etsi
1104 2595 1159 2646 res
1186 2577 1261 2664 ipsa
1288 2593 1392 2662 coge-

276 2696 345 2782 bat,
374 2699 485 2763 tamen
513 2695 661 2763 maxima
688 2717 729 2763 cx
756 2700 853 2782 parte
880 2702 996 2765 nostro
1024 2695 1164 2765 consilio
1194 2701 1296 2781 atque
1328 2713 1394 2762 eu-

277 2815 435 2886 ctoritate
461 2811 648 2902 perfectum
676 2821 738 2884 est.
781 2813 832 2884 Tu
859 2817 887 2884 si
914 2814 1001 2884 hanc
1028 2816 1193 2884 rationem
1221 2835 1287 2882 non
1308 2833 1394 2900 pro-

279 2935 351 3020 bas,
387 2939 479 3004 tuam
507 2935 709 3004 sententiam
737 2931 924 3021 defendam,
952 2955 1019 3004 non
1045 2934 1233 3022 relinquam
1260 2952 1393 3001 meam:

279 3053 399 3142 Neque
440 3054 642 3124 dissolutum
674 3075 695 3122 a
727 3059 760 3121 te
800 3053 977 3140 quicquam
1012 3053 1165 3122 homines
1192 3056 1398 3140 exspectant

282 3193 344 3244 nec
370 3173 524 3243 crudele:
558 3172 659 3242 huius
685 3173 736 3241 rei
763 3167 950 3241 moderatio
976 3169 1085 3241 facilis
1112 3178 1175 3259 est,
1203 3176 1241 3239 ut
1265 3171 1299 3238 in
1327 3170 1396 3240 du-

278 3313 335 3364 ces
374 3293 555 3363 vehemens
589 3294 647 3380 sis,
682 3292 715 3360 in
748 3289 872 3360 milites
911 3291 1074 3362 liberalis.
1116 3293 1150 3361 6.
1192 3287 1397 3359 Ciceronem

279 3433 403 3499 mcum,
430 3415 477 3481 mi
503 3411 621 3502 Brute,
650 3410 750 3480 velim
778 3431 876 3499 quam
905 3410 1087 3499 plurimum
1114 3417 1223 3480 tecum
1244 3409 1395 3477 habeas:

277 3532 414 3601 virtutis
441 3531 653 3619 disciplinam
680 3529 854 3600 meliorem
880 3532 1030 3619 reperiet
1048 3529 1173 3600 nnllam
1193 3547 1293 3618 qnam
1312 3545 1397 3595 con·

278 3650 532 3738 templationem
551 3656 651 3737 atque
670 3651 891 3720 imitationem
904 3653 965 3720 tui.
1002 3649 1041 3720 X
1045 3649 1103 3722 VI
1109 3645 1395 3719 KalendrMaiaS.

380 3860 432 3930 Ep.
449 3859 479 3912 b:
498 3860 514 3912 6
532 3859 613 3924 Crat,
631 3859 646 3913 7
664 3860 752 3929 vulgo.
773 3889 803 3898 -
822 3860 845 3913 1.
864 3863 985 3914 recitatae
993 3859 1350 3928 cervulgozramtcrat
1361 3887 1395 3898 ·-

284 3943 400 4013 [quaqua
417 3945 556 4014 renuntia]
576 3946 655 3998 uncis
672 3944 781 3999 inclusi.
800 3975 831 3984 -
851 3948 936 4004 eondua'
952 3964 1005 3998 non
1020 3955 1122 4014 potarat
1138 3945 1232 4014 vulgo:
1249 3963 1268 3996 e.
1287 3963 1305 3994 n
1324 3955 1395 4012 pou·

279 4043 342 4082 rant
368 4032 439 4084 Crat.
459 4059 489 4070 --
509 4031 533 4084 2.
552 4031 699 4085 oonieudom
710 4031 798 4099 suerit
814 4030 908 4100 vulgo:
926 4050 949 4083 u.
960 4033 1020 4099 fuit
1038 4029 1109 4084 Orat.
1127 4059 1160 4070 —
1177 4031 1201 4083 4.
1219 4032 1395 4084 increbuisset

279 4115 373 4196 Lamb.
400 4115 538 4172 Wesenba
565 4117 724 4170 taeduisset
754 4116 826 4170 Orat
844 4116 915 4170 Bait.
934 4145 966 4156 -
984 4116 1197 4186 dumetvulgo:
1214 4118 1306 4170 diceret
1320 4116 1394 4172 Crat.
