3082 4856
1232 287 1272 350 21

196 475 348 544 16161611ι
383 492 411 538 e.
439 493 469 556 q.
497 491 533 553 s.,
561 473 607 538 ita
633 471 836 553 coniungrmt,
864 476 901 536 ut
928 471 1119 551 Ciceronem,
1143 490 1214 536 cum
1234 472 1317 537 hanc

197 578 361 662 epistolam
382 576 482 654 daret,
504 579 674 658 utrumque
696 574 857 638 consulem
878 574 941 638 iam
957 573 1146 638 militantem
1163 574 1318 653 cogitasse

197 680 394 748 concludant.
439 678 532 756 Quod
562 677 691 742 minime
723 674 807 741 effici
837 677 971 754 videtur,
1004 676 1065 740 nisi
1091 693 1166 740 vero
1199 693 1236 741 ex
1267 675 1317 740 his

195 801 276 866 quae
297 773 381 846 Phil.
400 780 463 846 VII
484 781 526 846 20
547 779 619 844 Kal.
641 779 735 844 Febr.
757 784 813 843 aut
834 780 935 860 pridie
956 778 1065 843 Cicero
1087 778 1223 842 dixerat:
1247 795 1318 860 ,eos

194 884 338 950 consules
360 882 521 959 habemus,
545 898 614 946 eam
635 881 744 964 populi
765 881 900 946 Romani
922 881 1126 959 alacritatem,
1149 899 1222 945 eum
1244 899 1319 945 con·

193 1005 321 1052 sensum
343 985 464 1062 Itabae,
492 1001 545 1048 eos
567 983 671 1061 duces,
695 1001 749 1049 eos
772 985 937 1062 exercitus,
960 987 996 1047 ut
1016 983 1136 1048 nullam
1158 983 1318 1048 calamita

192 1095 259 1156 tem
280 1106 331 1153 res
352 1087 479 1168 publica
500 1086 643 1168 accipere
664 1085 765 1167 possit
781 1085 849 1150 sine
866 1085 959 1167 culpa
975 1085 1134 1164 senatus“;
1156 1085 1318 1149 ueletiam

196 1209 235 1256 ex
255 1191 305 1254 his
333 1206 414 1271 quae
439 1188 523 1254 Phil.
544 1187 590 1254 IV
614 1188 654 1254 15
676 1187 781 1268 priore
802 1188 866 1252 iam
887 1205 970 1252 anno
993 1192 1126 1251 exeunte
1149 1187 1191 1251 ad
1217 1206 1318 1270 popu-

193 1294 259 1358 lum
286 1293 424 1356 dixerat:
454 1325 511 1372 ,-
537 1289 667 1355 Antonii
694 1288 850 1355 nefarium
876 1289 1077 1354 latrocinium
1103 1288 1318 1354 —felicitate

194 1401 228 1462 61
258 1397 376 1460 virtute
408 1393 603 1458 exercituum
636 1392 812 1472 ducumque
845 1398 1021 1456 vestrorum
1054 1392 1143 1456 brevi
1176 1398 1319 1475 tempore

195 1515 380 1580 oppressum
403 1495 621 1560 6111611611-
647 1494 731 1558 idem
759 1495 1009 1559 concludendum
1036 1513 1104 1560 esse
1132 1497 1201 1578 quis
1227 1501 1319 1579 puta-

195 1600 264 1664 bit?
278 1599 312 1680 ¹).
334 1598 436 1662 Immo
452 1598 525 1676 illis,
544 1615 625 1678 quae
647 1598 687 1661 de
709 1597 900 1662 exercitibus
922 1597 1116 1680 ducibusque
1132 1603 1207 1663 sunt
1224 1598 1318 1679 dicta,

199 1719 292 1769 cause
313 1701 443 1766 affertur
466 1718 522 1764 cur
543 1699 689 1764 tristibus
715 1699 778 1763 illis
800 1700 840 1764 de
865 1701 906 1764 D.
930 1700 1028 1764 Bruto
1050 1701 1165 1766 litteris
1187 1701 1320 1765 nuntiis-

196 1805 388 1887 queminus
415 1802 623 1868 conturbatus
651 1801 707 1881 sit3
734 1802 784 1865 his
811 1807 927 1882 autem,
955 1819 1036 1884 quae
1063 1809 1224 1885 tamquam
1257 1804 1320 1868 illis

193 1907 336 1972 monitus
357 1906 507 1987 deinceps
529 1904 569 1968 de
591 1903 755 1968 consulum
781 1902 844 1968 fide
866 1904 985 1983 scribit,
1008 1906 1050 1969 ad
1071 1907 1204 1970 alteram
1227 1905 1320 1970 hunius

196 2009 350 2090 epistolae
370 2012 493 2088 partem
514 2007 639 2084 transit,
663 2025 757 2087 quam
780 2007 893 2070 ceteris
916 2007 1080 2094 sententiis
1103 2008 1134 2091 (ᾖ
1159 2008 1191 2089 1)
1214 2025 1320 2089 perse·

173 2189 180 2202 ι
201 2110 323 2192 quitur:
343 2109 398 2172 illa
423 2108 465 2172 ad
491 2109 532 2173 D.
558 2108 651 2172 Bruti
678 2107 895 2172 conditionem
921 2109 1088 2189 pertinent,
1111 2109 1191 2173 haec
1216 2110 1249 2172 in
1271 2127 1321 2174 re-

201 2211 261 2276 bus
292 2211 410 2274 Romae
440 2211 521 2276 actis
553 2214 729 2277 versantur.
772 2210 883 2290 Neque
916 2209 999 2274 enim
1032 2210 1143 2275 Cicero
1177 2213 1320 2278 consules

200 2331 271 2378 cum
293 2313 481 2378 exercitibus
495 2312 675 2392 coniungit,
703 2312 760 2377 sed
781 2312 876 2376 duces
899 2312 1038 2378 Hirtium
1060 2317 1091 2377 et
1114 2313 1321 2378 Octavianum

198 2413 368 2496 significat3
398 2416 563 2482 consulum
590 2419 696 2479 autem
724 2413 819 2480 fidem
845 2415 909 2479 iam
936 2415 1098 2497 aliquanto
1125 2420 1199 2480 ante
1227 2434 1322 2497 quam

200 2519 306 2582 Pansa
343 2517 445 2582 Roma
482 2515 735 2598 proficIscerctur
776 2523 955 2599 suspectam
992 2518 1090 2584 fuisse
1126 2537 1198 2583 mox
1236 2519 1322 2582 vide-

199 2621 313 2685 bimus
357 2621 459 2698 Quam
481 2620 521 2684 ob
544 2637 611 2685 rem
628 2620 795 2701 quominus
814 2620 896 2685 hanc
923 2621 1089 2705 epIstolam
1111 2627 1185 2686 ante
1207 2621 1323 2686 disces-

199 2741 271 2788 sum
290 2723 413 2788 Pansae
436 2723 471 2805 (i.
501 2739 528 2787 6.
556 2727 629 2787 ante
657 2723 687 2786 d.
710 2725 753 2789 20
773 2743 815 2789 m.
837 2724 958 2805 Martii)
982 2724 1089 2788 datam
1111 2741 1180 2788 esse
1202 2728 1322 2789 statua·

197 2843 268 2890 mus
289 2825 368 2888 nihil
390 2825 518 2892 obstare
539 2825 674 2888 videtur.

301 2927 419 2993 Iamsi
441 2927 695 3009 quaesiverimus
719 2943 775 2990 cur
802 2923 896 2989 fidem
919 2926 1084 2990 consulum
1104 2929 1217 2992 maiori
1238 2929 1324 3009 parti

197 3029 362 3095 homiuum
392 3029 596 3094 vehementer
626 3033 804 3111 suspectam
829 3028 930 3092 visam
958 3045 1026 3090 esse
1054 3027 1164 3093 Cicero
1193 3030 1321 3109 scribat,

201 3133 358 3198 orationes
380 3132 576 3216 Philippicae
596 3131 643 3196 XI
666 3135 698 3196 61
718 3130 782 3196 XII
803 3148 861 3194 nos
879 3129 1047 3194 docebunt.
1076 3129 1137 3195 Illa
1152 3131 1234 3194 enim
1252 3150 1323 3195 ora-

200 3234 284 3299 11616
308 3234 340 3317 (ᾖ
362 3235 418 3318 21)
442 3234 656 3316 ,sententiam
679 3239 716 3298 ut
742 3234 886 3298 consides
908 3233 1094 3298 Dolabellae
1114 3235 1323 3314 persequendi

199 3353 294 3400 causa
315 3337 425 3402 Asiam
447 3342 479 3403 et
502 3336 625 3418 Syriam
647 3336 864 3415 sarmentum,
887 3337 1098 3418 suspicionem
1119 3337 1254 3401 movisse
1275 3337 1323 3401 in-

197 3438 293 3518 dicat,
317 3457 388 3503 cum
415 3439 494 3504 hacc
522 3439 614 3503 dicit:
643 3439 753 3516 ,Asiae
782 3443 815 3502 et
841 3439 951 3520 Syriae
977 3440 1096 3504 mentio
1123 3437 1187 3519 fiet,
1210 3444 1246 3504 ut
1268 3447 1324 3505 aut

199 3541 372 3622 suspicioni
394 3541 512 3606 crimen
534 3545 589 3605 aut
615 3541 752 3606 invidiae
778 3541 944 3606 materiam
973 3542 1096 3608 dedisse
1123 3542 1322 3606 1111661111τῖίι

199 3681 239 3690 -
265 3648 391 3725 etpost
413 3663 514 3726 pauca
536 3643 569 3726 (ἓ
591 3643 648 3726 23)
671 3643 710 3708 de
732 3643 843 3709 eadem
864 3662 913 3709 re:
941 3645 1039 3726 ,adde
1060 3645 1143 3708 istuc
1164 3662 1323 3709 sermones

198 3745 372 3826 bominum,
407 3746 490 3812 adde
521 3746 741 3828 suspicionem,
769 3747 852 3812 adde
877 3747 1037 3812 invidiam.
1066 3747 1234 3811 -Nemo
1263 3747 1325 3812 erit

303 4003 326 4070 ¹)
345 4001 446 4057 Contra
469 4001 590 4056 conferri
607 4006 700 4070 potest
721 4000 791 4053 Phil.
815 4000 882 4054 XIII
904 4000 945 4065 16,
973 3999 1021 4053 ubi
1043 4000 1132 4053 Pansa
1154 3998 1243 4052 Roma
1260 4016 1323 4069 pro-

198 4087 274 4143 tecto
293 4088 390 4142 Cicero
409 4089 449 4142 sic
473 4087 553 4142 dicit:
576 4088 694 4152 „Caesar
715 4085 835 4140 confecit
856 4087 987 4140 invictum
1009 4086 1169 4151 exercitum,
1192 4085 1246 4139 duo
1268 4084 1323 4140 for·

198 4174 302 4228 tissimi
321 4174 450 4228 consulas
469 4173 571 4228 adsunt
588 4189 650 4228 cum
668 4172 773 4242 copiia“
792 4187 816 4226 e.
836 4188 860 4241 q.
880 4187 901 4226 a.
