3082 4856
505 873 507 880 ,
558 789 748 912 totototo
779 789 877 908 113.

533 1011 641 1100 Erotos
668 1010 805 1088 clectos!
832 1013 896 1098 Sol.

260 1171 293 1262 t.
346 1139 497 1250 Litteras
529 1176 606 1262 tuas
644 1171 742 1248 ualde
776 1178 949 1263 exspecto,
985 1193 1069 1263 quas
1104 1176 1272 1265 scripsisti

152 1295 235 1381 post
258 1290 397 1368 nuntios
427 1295 624 1367 nostrarum
656 1311 772 1365 rerum
805 1297 839 1362 et
861 1291 914 1373 sle
946 1298 1057 1378 morta
1091 1292 1270 1388 Trebouiip

151 1429 223 1502 uon
255 1408 343 1502 enim
374 1409 506 1495 adnuito,
541 1410 621 1500 quin
654 1409 738 1498 mihi
768 1410 947 1489 consiliunt
977 1416 1075 1488 tuum
1106 1413 1270 1502 explices

151 1526 300 1620 Indigno
327 1527 455 1600 scelere
478 1533 518 1604 et
541 1530 651 1608 civem
679 1529 843 1621 optimum
867 1529 1046 1615 amisimus
1073 1536 1108 1602 et
1133 1533 1272 1622 provin·

153 1647 229 1734 ciac
243 1647 459 1740 possessione
477 1648 568 1738 pulsi
586 1668 714 1738 sunum,
743 1669 843 1738 quam
870 1651 1068 1740 recuperari
1094 1649 1193 1723 facile
1220 1657 1272 1731 ost

152 1785 265 1858 neque
291 1767 403 1847 minus
429 1772 530 1858 turpe
558 1773 618 1842 aut
642 1767 849 1860 flagitiosum
876 1770 944 1858 epit
966 1776 1045 1861 post
1062 1774 1269 1861 recuperari.

153 1887 188 1960 2.
243 1885 412 1959 Antonius
439 1887 550 1974 adhuc
577 1894 630 1960 est
655 1887 842 1978 nobiscum,
871 1888 930 1974 sed
953 1889 1085 1965 medius
1111 1889 1212 1964 fidius
1237 1897 1273 1968 at

151 2003 295 2075 moveor
320 2005 467 2076 hominis
493 2006 652 2095 precibus
679 2011 714 2076 et
739 2008 854 2096 timeo,
887 2027 929 2077 ne
956 2007 1052 2078 illnm
1079 2009 1272 2099 aliquorum

150 2121 251 2194 furor
276 2120 441 2214 excipiet:
470 2125 571 2215 plene
598 2131 728 2197 aestuo.
770 2123 868 2214 Quod
895 2127 923 2197 si
950 2128 1073 2198 scirem
1101 2129 1181 2218 qnid
1208 2129 1270 2201 tibi

154 2243 319 2336 placeret,
348 2245 420 2315 sine
448 2243 675 2317 sollicitudine
701 2267 824 2340 assem,
851 2244 887 2317 id
905 2247 994 2316 enim
1013 2247 1178 2338 optimum
1196 2269 1272 2323 esse

151 2384 355 2454 persuasum
385 2369 476 2436 esset
501 2365 601 2436 mihi:
631 2387 737 2455 quare
762 2387 861 2455 quam
881 2368 1028 2457 primum
1046 2365 1099 2439 lac
1116 2389 1171 2440 me
1198 2389 1272 2440 cer·

152 2485 290 2568 tionem,
324 2483 405 2572 quid
440 2483 501 2555 tibi
529 2485 673 2574 placeat.
735 2487 768 2557 3.
811 2484 948 2558 Cassius
983 2492 1101 2562 noster
1127 2487 1272 2583 Syriam,

156 2600 308 2692 legiones
342 2599 500 2694 Syriacas
537 2603 649 2690 hebet
679 2603 769 2680 ultro
810 2605 944 2696 quidem
975 2627 999 2690 p
1029 2605 1150 2694 Murro
1185 2613 1220 2680 ot
1252 2589 1273 2683 a

153 2719 287 2793 Marcio
314 2727 349 2793 et
375 2723 419 2794 ab
446 2725 599 2796 exercitu
625 2725 700 2812 ipso
728 2728 923 2798 arcessitus.
975 2727 1053 2816 Ego
1077 2729 1201 2818 scripsi
1229 2729 1273 2800 os

153 2837 305 2912 Tertiam
333 2862 486 2913 sororem
513 2847 547 2914 et
574 2848 730 2932 matrem,
757 2864 800 2914 ne
825 2845 920 2933 prius
939 2843 1080 2920 ederent
1098 2847 1164 2918 hoc
1182 2847 1272 2938 quod

153 2961 282 3050 optime
310 2981 350 3032 ao
376 2960 570 3034 felicissime
597 2964 704 3054 gessit
731 2961 881 3052 Cassius,
910 2985 1010 3054 quam
1037 2970 1133 3034 tuum
1161 2967 1272 3038 cousi·

151 3079 236 3149 lium
264 3081 504 3169 cognovissent
529 3082 659 3172 tibique
686 3082 795 3153 visum
827 3088 929 3154 esset.
991 3086 1025 3152 4.
1073 3081 1159 3175 Legi
1195 3106 1273 3157 ora·

152 3199 266 3270 tiones
305 3197 390 3271 duas
436 3208 530 3290 tuas
577 3222 719 3291 quarum
755 3202 864 3272 altera
895 3200 974 3272 Kal.
1002 3200 1079 3274 Jnn.
1107 3223 1190 3274 usus
1222 3223 1271 3293 es,

152 3318 266 3390 altera
300 3319 342 3390 de
369 3319 492 3391 litteris
525 3323 622 3411 meis,
656 3342 743 3410 quae
770 3321 888 3393 habita
920 3327 972 3393 est
1002 3323 1122 3396 abste
1154 3327 1273 3394 contra
1307 3413 1309 3418 Ι

153 3435 330 3512 Calenum.
378 3437 477 3510 Nune
496 3439 626 3514 solues
642 3440 708 3511 hoc
723 3446 916 3530 anspertus,
944 3441 1024 3512 dum
1041 3461 1102 3513 sas
1119 3441 1271 3514 laudem:

151 3558 267 3628 sossio
294 3558 398 3630 animi
433 3577 476 3628 an
501 3559 631 3648 ingenii
662 3560 714 3630 tui
745 3561 858 3631 maior
888 3561 924 3630 in
954 3561 1008 3632 his
1041 3560 1166 3633 libellis
1197 3561 1273 3632 laus

151 3677 385 3786 contineatur,
416 3679 486 3748 iam
519 3677 679 3766 concedo,
720 3685 758 3750 ut
790 3679 845 3750 vel
876 3677 1061 3788 Philippici
1093 3687 1270 3766 vocentur,

151 3794 244 3891 quod
271 3804 308 3868 tu
336 3797 482 3887 quadam
510 3797 656 3889 epistola
682 3800 798 3872 iocans
818 3795 1013 3890 scripsisti(
1053 3802 1086 3884 5,
1127 3801 1272 3890 Duabus

150 3915 255 4010 rebus
282 3936 433 4010 egemus,
463 3915 595 4012 Cicero,
622 3918 768 4010 pecunia
792 3923 829 3994 ,et
853 3919 1100 4010 supplemento,
1129 3941 1273 4014 quarum

151 4034 262 4106 altera
288 4017 403 4125 potest
428 4037 489 4108 abs
522 4042 556 4108 te
591 4037 758 4130 expediri,
798 4042 837 4106 nt
868 4037 983 4127 aliqua
1015 4058 1096 4129 pars
1127 4039 1272 4122 militum

150 4155 253 4225 istinc
279 4155 434 4226 mittatur
459 4156 558 4227 nobis
586 4156 641 4228 vel
668 4161 798 4230 secreto
826 4155 968 4248 consilio
994 4158 1158 4246 aduersus
1183 4157 1272 4230 Pan-
